3767 5717
870 577 936 640 010

305 775 401 843 llidet
426 773 489 838 hoc
512 770 641 840 dicendi
662 771 774 838 sitium
795 769 852 859 qui
874 769 1001 859 scripsit
1019 767 1342 862 Pseudostprliatam
1364 775 1426 853 76,
1450 779 1481 843 9.

306 882 345 948 lu
364 884 426 960 34,
450 883 493 945 23
513 880 558 957 μὴ
579 875 764 947 αίδεσύείς
785 873 1035 953 μεταμανθάνων
1052 875 1189 964 pessime
1205 899 1264 966 pro
1282 878 1479 959 αίσχυνθείς,

303 999 336 1054 et
356 984 479 1076 saepius
499 982 579 1048 haec
599 980 766 1058 confudit,
792 988 827 1043 ut
849 984 907 1056 35,
932 981 963 1044 2.
982 979 1036 1060 ἐφ’
1060 976 1099 1044 ὧν
1127 979 1166 1044 ἀν
1190 1005 1238 1055 τις
1261 980 1369 1064 ᾐδέσθη
1391 984 1479 1064 παρά

303 1093 399 1174 μέλος
424 1112 455 1154 τι
476 1085 709 1170 φθεγξοίμενος.
732 1089 791 1162 35,
818 1085 859 1148 10
879 1083 1098 1165 κρησφύγετον
1118 1083 1293 1166 εύρίμενος,
1319 1087 1403 1152 male
1421 1111 1480 1178 pro

302 1196 406 1277 εὐρύν.
428 1195 488 1270 40,
513 1195 554 1256 13
578 1192 592 1256 θ
615 1191 672 1270 μὲν
698 1189 849 1268 μέγιςος.
875 1188 889 1251 i
915 1186 1054 1256 δὲποίνυ
1081 1197 1119 1270 τῇ
1146 1189 1253 1272 ἡλικίρι
1275 1193 1479 1275 χαμαίζηλος

302 1312 335 1368 et
363 1321 438 1364 mor
465 1300 491 1364 εί
515 1297 684 1378 μέλλουσιν
705 1294 853 1373 θμήλικες
874 1293 1063 1374 Φαίνεσθαι,
1092 1292 1322 1360 Graeculorum
1343 1308 1390 1362 e'st
1410 1300 1479 1373 ἡλι·

302 1403 373 1470 κίαν
407 1402 512 1468 dicere
540 1423 598 1492 pro
626 1408 780 1476 statura,
814 1408 846 1462 et
876 1397 1024 1481 ὁμήλικες
1053 1419 1112 1488 pro
1141 1400 1287 1464 eiusdem
1312 1409 1478 1467 staturae.

303 1508 432 1575 Graecis
457 1506 540 1572 nihil
567 1504 655 1570 aliud
676 1516 722 1570 est
744 1525 841 1593 quam
860 1509 958 1567 aetas
979 1513 1011 1566 et
1032 1507 1201 1592 aequales.
1249 1504 1396 1572 Graeculi
1416 1505 1479 1572 hoc

301 1616 504 1706 arripuerunt
534 1635 572 1678 er
591 1611 688 1691 locis,
707 1609 811 1700 qualis
837 1619 885 1673 est
911 1607 1156 1676 dnlsrol’nanrs
1175 1610 1265 1677 Itan
1288 1618 1329 1678 55
1351 1613 1478 1693 σμικρὸς

228 1770 236 1783 .
301 1721 406 1797 ἡλίκος
429 1719 562 1794 Μίλων,
584 1740 657 1784 nam
677 1716 753 1782 hinc
770 1713 878 1791 ἡλικία
898 1712 1072 1779 formatum
1093 1727 1155 1795 est,
1180 1740 1245 1782 nou
1262 1739 1299 1782 er
1317 1713 1398 1796 ἧλιξ.
1422 1716 1478 1782 ubi

301 1825 409 1901 ἡλικία
437 1822 737 1901 incleinentem
760 1829 907 1884 secutum
929 1829 993 1897 est,
1014 1819 1110 1886 etiam
1133 1822 1225 1910 peius
1244 1821 1368 1891 sitium.
1398 1829 1416 1911 §
1441 1826 1479 1888 19

299 1927 469 2008 μεγαλωςί
504 1926 654 1994 Graeculi
684 1925 833 1991 dictitant
859 1947 919 2014 pro
939 1925 1140 2004 μεγαλείως,
1166 1935 1419 2010 μεγαλοπρεπῶς
1440 1951 1478 1996 ex

299 2034 487 2102 llomerico:
512 2045 596 2100 κεῖτο
615 2033 722 2114 μέγας
743 2032 924 2112 μεγαλωςί.
948 2034 967 2116 §
988 2035 1031 2098 28
1050 2032 1088 2096 σὺ
1104 2034 1162 2111 μὲν
1183 2033 1342 2107 ἀνεύθυνος
1362 2038 1475 2113 αὐτοῦ,

298 2138 384 2204 male
413 2162 471 2228 pro
501 2140 725 2217 ἀνυπεύθυνος,
753 2161 804 2206 res
823 2138 1004 2225 enimjsunt
1027 2139 1203 2213 ἀνεύθυνοι,
1227 2151 1260 2205 at
1281 2138 1429 2208 homines
1450 2143 1476 2208 si

297 2244 390 2308 cuius
417 2245 464 2310 rei
494 2256 643 2310 tenentur
680 2245 807 2316 εὐθύνας
838 2244 942 2310 δοῦναι
972 2256 1027 2309 aut
1055 2245 1099 2322 ul
1139 2246 1241 2311 δοῦναι
1272 2247 1479 2339 appellantur

298 2348 455 2414 ὑπεύθυνοι
493 2362 524 2416 et
558 2349 769 2414 ἀνυπεύθυνοι.
802 2352 864 2425 41,
898 2351 930 2412 3.
962 2355 1057 2426 τιμῆς
1096 2347 1174 2426 ἀξία
1212 2352 1299 2432 παρά
1332 2352 1477 2427 ποίντων,

298 2464 417 2519 veteres
446 2462 540 2532 τιμῆς
573 2453 651 2531 ἀξία
695 2455 814 2526 πᾶσιν,
852 2462 886 2515 ut
915 2450 1049 2515 θανάτου
1088 2451 1174 2529 ἀξιος
1208 2462 1247 2535 τῇ
1284 2454 1384 2520 πόλει.
1415 2459 1479 2543 §7

297 2557 437 2637 ν’ίχονται
467 2557 577 2635 μύνους
605 2555 839 2634 ἀπολιπόντες,
872 2554 1003 2620 Veteres
1025 2555 1166 2636 οίχονται
1193 2558 1477 2634 ε’γκαταλιπίντες.

295 2665 363 2750 §9.
390 2668 655 2740 πλεονεκτοῦμεν,
690 2672 812 2726 veteres
843 2658 1069 2743 πλεονάζομεν.
1101 2663 1119 2744 §
1145 2664 1196 2727 12.
1223 2661 1317 2743 φίλος
1343 2665 1377 2730 ἐκ
1403 2665 1478 2730 παί-

294 2768 351 2832 δων
373 2761 424 2840 ἦν,
448 2767 496 2831 illi
516 2769 551 2831 ἐκ
570 2767 699 2841 παιδὸς,
725 2767 760 2830 ἐκ
783 2765 860 2830 νέου.
887 2803 934 2817 ·-
960 2775 1144 2831 τελευταῖον
1168 2765 1220 2843 δέ,
1253 2765 1302 2832 illi
1322 2771 1478 2835 τελευτῶν

293 2870 337 2937 δέ.
375 2873 466 2956 §ln
488 2873 577 2953 παρά
599 2873 652 2936 τὸν
680 2871 835 2952 ἀρμοςθιν,
860 2866 891 2943 ὃς
924 2869 1035 2952 ἥρμοζε
1064 2870 1121 2944 riv
1144 2869 1275 2950 Ἀσίαν,
1309 2873 1359 2939 ad
1385 2874 1475 2940 Pro-

291 2979 472 3055 consukm,
494 2982 557 3066 qni
580 2978 701 3043 Asiam
722 2975 905 3054 obtinebat,
928 2974 979 3039 ad
995 2973 1103 3039 Asiae
1123 2974 1345 3043 Praecidam:
1376 2977 1474 3059 ἀρμο-

293 3083 349 3158 τίς
378 3107 396 3149 a
425 3083 592 3174 Spartanis
626 3093 766 3148 sumtum
807 3103 927 3146 nomeu
961 3091 1028 3159 est,
1061 3102 1201 3170 quorum
1229 3085 1405 3174 praefecti
1438 3084 1474 3149 iu

293 3189 451 3255 sociorum
481 3191 618 3256 urbibus
646 3190 696 3256 rel
722 3188 882 3256 dediticiis
900 3185 1039 3269 ἀρμσςαί
1060 3185 1270 3268 dicebantur,
1295 3190 1370 3280 quia
1388 3195 1474 3281 reip.

292 3298 544 3362 constituendae
572 3306 605 3361 et
634 3295 729 3359 rebus
761 3290 991 3384 componendis
1022 3292 1119 3356 creati
1148 3303 1179 3356 et
1203 3293 1289 3359 missi
1315 3295 1471 3362 rideban-

291 3411 353 3465 tur.
409 3399 464 3464 Sic
488 3400 612 3489 saepius
640 3399 841 3465 Procridem
870 3399 1026 3464 Achaiae
1056 3397 1239 3487 appellant,
1269 3411 1301 3464 et
1335 3401 1474 3469 verbum

188 3511 194 3522 '
289 3502 433 3585 ἀρμύζειν
462 3527 499 3568 ea
529 3527 610 3570 nora
636 3504 869 3592 significatione
898 3512 1082 3566 mactarunt
1111 3503 1169 3590 qui
1196 3506 1360 3569 venustius
1391 3507 1470 3572 scri·

291 3607 388 3684 bunt,
417 3609 534 3674 caeteri
559 3609 737 3674 ἀνθύπατον
759 3619 885 3673 vocant.
926 3605 980 3671 Sic
1011 3608 1089 3691 §22
1125 3603 1309 3673 Praefectus
1334 3609 1475 3700 Aegypti.

290 3712 428 3792 alpecella
458 3713 587 3780 dicitur.
621 3716 640 3798 §
670 3717 723 3777 22.
752 3713 849 3784 οὐδεὶς
881 3713 914 3775 ού
942 3715 1044 3789 γελῶν
1074 3709 1326 3792 ἀπυλλάττεσο,
1349 3728 1470 3784 veteres

287 3813 383 3886 οὐδεὶς
409 3810 473 3890 ύςις
496 3820 540 3882 ού.
571 3821 653 3903 §25
674 3816 852 3894 λαβόμενος
875 3816 971 3880 αὐτὸν
997 3821 1052 3888 τῆς
1080 3813 1202 3898 δεξιοῖς.
1229 3828 1351 3884 veteres
1371 3824 1469 3889 αὐτοῦ

287 3930 320 3984 et
339 3925 358 4008 §
376 3924 420 3985 39
443 3922 503 3994 τάς
528 3921 660 3999 ἀμάξας
692 3918 997 3999 κατελαμβάνοντο,
1034 3917 1120 4007 quod
1151 3917 1303 4009 frequens
1325 3926 1470 3993 omnium

288 4025 474 4114 aequiorum
502 4026 614 4091 vitium
643 4037 690 4090 est
718 4043 780 4115 pro
808 4022 1068 4101 κατελάμβανον.
1113 4027 1205 4111 §et
1228 4031 1385 4106 συγγενὴς
1405 4057 1468 4111 μη-

285 4131 407 4211 τρθθεν,
440 4144 562 4198 veteres
593 4155 702 4199 omues
732 4131 806 4212 πρὸς
831 4128 964 4209 μντρίς,
1001 4129 1162 4218 sequiores
1195 4153 1288 4221 saepe
1314 4136 1378 4201 ἀπὸ
1405 4161 1467 4214 μοι·

284 4234 365 4316 τρίς.
412 4240 475 4316 42,
506 4243 544 4317 3,
574 4235 870 4313 συνανακλίνεσθαι,
908 4233 1039 4300 Veteres
1069 4238 1402 4318 συγκατακλίνεσθαι,
1433 4254 1465 4306 et

283 4363 357 4406 mor
386 4341 472 4409 ἔοικα
504 4346 530 4410 δ’
560 4344 695 4408 ἐνταῦθα
724 4339 909 4422 διατρίψεινι
943 4364 1002 4431 pro
1036 4340 1120 4406 ἔοικα
1156 4353 1276 4407 veteres
1307 4344 1381 4407 δοκῶ
1411 4369 1464 4423 μοι

284 4445 436 4514 dicebant
463 4462 495 4516 et
521 4455 609 4532 σριάν
640 4450 757 4528 ἡμερῶν
788 4445 924 4535 pessime
953 4469 1013 4536 pro
1042 4454 1124 4528 τρεῖς
1160 4447 1277 4527 ἡμέρας
1312 4447 1461 4537 positum.
1515 4532 1520 4544 Β

286 4553 304 4635 §
324 4556 355 4618 6.
373 4552 453 4622 ἔνθεν
470 4555 547 4623 ἑλιίν
563 4576 658 4645 saepe
672 4551 786 4618 dicunt
808 4552 971 4642 aequiores
990 4551 1106 4618 imitati
1131 4551 1320 4630 Housuurr,
1342 4552 1462 4642 θύμου.

288 4664 327 4720 Θ.
352 4662 426 4725 500.
