3767 5717
827 633 892 696 ltttt

265 803 361 870 scribi
378 801 531 870 solentut
550 807 726 888 pro-ugos
748 812 782 870 et
794 803 911 880 ’πατος
932 805 1061 872 tantuin
1081 829 1115 887 ιρ
1128 812 1161 871 et
1182 825 1222 870 ττ
1242 793 1450 889 praecedenti

265 907 390 975 litterae
420 905 721 995 suprascribantur‚
756 908 866 994 itaque
890 909 991 976 lecton
1022 927 1061 976 ex
1084 909 1152 996 ipsa
1178 905 1338 974 sententia
1373 921 1448 988 sup-

265 1011 351 1099 plet,
380 1012 466 1100 quod
490 1014 628 1100 qulsque
653 1009 743 1078 locus
772 1014 929 1106 postulat,
964 1033 1038 1080 nani
1072 1033 1184 1081 omnes
1215 1027 1311 1080 casus
1330 1017 1363 1076 et
1388 1027 1447 1073 nu·

263 1119 344 1184 meri
366 1125 400 1184 et
427 1137 546 1205 genera
569 1117 602 1183 in
625 1136 665 1182 ca
691 1119 853 1204 scriptura
875 1120 1095 1188 continentur.
1142 1118 1225 1201 Quia
1246 1116 1384 1183 seriores
1408 1111 1447 1177 li-

262 1220 363 1290 brsrii
392 1222 426 1288 in
457 1243 496 1290 ea
529 1223 708 1308 resupina
740 1220 936 1308 negligentia
969 1225 1002 1292 et'
1024 1223 1124 1312 'turpi
1150 1223 1294 1289 inscitia
1327 1217 1448 1286 versati

263 1336 357 1405 sunt,
383 1327 476 1394 nobis
494 1333 542 1394 est
566 1328 731 1412 integrum
755 1335 863 1394 vetera
888 1329 1077 1416 compendia
1100 1343 1251 1398 revocare
1275 1332 1307 1392 et
1330 1320 1449 1389 melius

262 1431 400 1519 explere.
447 1431 642 1519 Expeditum
666 1431 725 1498 boc
749 1433 914 1517 negotium
938 1441 988 1499 est
1017 1429 1176 1521 quia-'non
1202 1429 1267 1498 vidi
1290 1443 1448 1514 umquam

264 1556 366 1602 unum
386 1536 510 1615 locum,
543 1536 576 1602 in
593 1556 658 1624 quo
678 1555 795 1622 anceps
809 1546 843 1602 et
866 1537 1018 1625 ambigua
1039 1547 1123 1606 esset
1140 1538 1238 1626 optio.
1285 1534 1353 1601 Una
1378 1538 1449 1597 tan·

260 1649 334 1708 tum
363 1639 465 1708 ionma
495 1661 571 1708 vera
601 1649 635 1707 et
667 1641 850 1707 necessaria
878 1651 928 1710 est
962 1643 1216 1730 intelligentibus
1244 1637 1332 1707 certe
1362 1633 1448 1723 quod

260 1746 372 1832 legant
399 1753 433 1812 et
466 1746 546 1812 bene
584 1745 699 1812 Graece
737 1745 925 1813 scientibus.
985 1747 1071 1814 llabo
1102 1744 1246 1833 exempla
1279 1739 1450 1829 quaedam.

260 1851 297 1917 ln
326 1850 498 1916 Hellenicis
515 1849 571 1917 lll.
590 1869 612 1916 1.
642 1855 696 1916 18.
727 1850 901 1932 νὶχόομένου
927 1851 1036 1920 δὲποῦ
1067 1849 1268 1935 Δεριιυιιόδου.
1285 1847 1337 1914 καὶ
1366 1867 1448 1924 νομι·

260 1957 363 2040 ζοντος
394 1955 586 2037 αόυροοτέραν
620 1953 676 2020 καὶ
705 1957 763 2032 τὴν
792 1956 968 2039 προσβολὴν
1004 1957 1151 2033 όοεοόοιι,
1186 1951 1318 2021 (labitur
1349 1949 1448 2028 mihi,

1319 2056 1336 2086 f

261 2102 376 2182 credo,
401 2104 502 2188 ipsam
517 2101 693 2183 προσβολήν
715 2120 777 2167 non
798 2123 890 2190 posse
910 2101 1027 2184 οἳόυρον
1047 2101 1113 2172 elici
1132 2101 1216 2168 etin
1238 2056 1448 2183 etom‘atiud

260 2207 341 2294 quid
364 2207 473 2275 latere.
499 2206 561 2287 Qui
582 2205 730 2272 meminit
750 2225 848 2293 quam
869 2227 964 2296 saepe
987 2207 1046 2274 καό
1064 2215 1097 2274 et
1126 2203 1199 2290 πρός
1221 2204 1353 2271 luerunt
1375 2221 1448 2268 con-

260 2313 351 2391 fusa,
387 2310 548 2400 supplebit
572 2301 743 2393 νοροόζοντος
774 2313 978 2396 ἀθυμοτέρους
1001 2313 1074 2395 πρός
1097 2313 1154 2387 τὶρν
1181 2309 1357 2393 προσβολὴν
1383 2305 1449 2404 ἔσε-

260 2421 352 2492 οόαι,
382 2425 420 2483 ul
443 2418 476 2481 in
496 2415 636 2482 Aucbosi
654 2416 678 2481 l.
703 2433 746 2482 rr.
771 2421 802 2483 9.
835 2417 866 2484 el
881 2442 929 2492 τις
951 2417 1003 2484 καὶ
1030 2409 1216 2500 ἀθυμότερος
1236 2414 1273 2493 ἦν
1293 2413 1367 2496 πρὸς
1392 2413 1448 2486 τὴν

144 2514 161 2561 '⁵'
258 2522 421 2602 οἶνοόβοισιν
451 2529 483 2587 et
506 2519 600 2597 alibi,
631 2521 729 2587 siculi
753 2529 786 2586 el
809 2523 934 2602 οὶόόριως
963 2519 1054 2604 ἔχειν’
1079 2521 1152 2604 πρός
1178 2545 1209 2588 τι
1233 2519 1364 2586 dicitur.
1411 2502 1449 2581 ln

260 2625 437 2694 Hellenicis
456 2624 526 2691 Vll.
553 2629 621 2691 ι.9
656 2623 764 2690 editur
797 2626 871 2708 προς
894 2625 1021 2700 τούτους
1048 2625 1127 2700 εἷκός
1154 2627 1225 2699 τοὺς
1256 2621 1451 2704 connexae

258 2729 503 2814 εὐόοόρσεςοότους
528 2728 703 2813 προσιέναι,
725 2728 854 2808 vitiose,
879 2749 1019 2818 namque
1043 2731 1195 2796 Graecum
1218 2736 1267 2795 est
1284 2725 1449 2809 προσέρχο-

1433 2827 1450 2859 U

261 2959 323 3016 μαι
342 2934 474 3016 όαρρῖον,
498 2931 638 2999 sednon
661 2932 809 3013 εὒόαροής
832 2932 887 3000 sed
910 2934 1071 3016 εὐόαροῶς.
1096 2933 1209 3018 ltaque
1233 2929 1437 3012 intellegere

261 3039 366 3105 inerat
388 3035 613 3118 εόόαρσόςατα.
643 3034 800 3102 Similiter
816 3036 885 3104 Vll.
899 3059 944 3103 ut.
970 3041 1000 3103 8.
1025 3037 1172 3120 προδότης
1198 3059 1238 3115 γε
1254 3037 1316 3115 μὴν
1338 3035 1387 3110 τός
1408 3033 1448 3102 av

260 3141 498 3228 περιφανέςερος
521 3141 677 3225 Εὔφρονος
696 3139 764 3216 ela:
786 3141 863 3226 quia
887 3162 950 3208 non
980 3140 1102 3208 dicitur
1124 3139 1270 3223 προδότις
1285 3140 1340 3211 ἐς)
1365 3164 1447 3223 περι·

260 3249 365 3333 φανής
394 3245 450 3312 sed
479 3251 673 3329 περιφανῶς,
708 3265 773 3332 quo
796 3245 942 3333 exemplo
967 3255 999 3313 et
1027 3245 1137 3314 Ciceno
1156 3245 1234 3312 dixit
1259 3245 1292 3310 in
1316 3244 1450 3312 Verrius

262 3352 286 3419 l.
305 3357 325 3418 7
335 3402 344 3430 ,
367 3353 421 3419 20.
444 3361 549 3437 operte
568 3352 633 3417 iam
652 3361 681 3418 et
701 3351 865 3437 perspicue
881 3351 972 3417 collo
989 3373 1055 3420 esse
1072 3351 1211 3429 ι’νόίοίο,
1225 3355 1257 3416 et
1279 3368 1372 3437 saepe
1393 3347 1449 3416 At-

726 3454 742 3484 ε

263 3500 337 3577 tici,
361 3506 492 3585 apparet
516 3498 551 3562 in
580 3453 754 3582 περιφανέό
785 3499 891 3566 inesse
914 3499 1161 3584 περιφανέςερον.
1208 3495 1302 3584 Apud
1323 3495 1448 3562 isocel-

262 3625 323 3670 rrn
345 3604 418 3686 πρὸς
441 3601 613 3682 Δαμόνικον
636 3601 661 3691 §
684 3608 727 3669 56
757 3601 816 3672 ὅτε
839 3629 890 3670 σοι
916 3606 1117 3686 συμβήσεται
1143 3605 1199 3680 τὴν
1229 3606 1304 3683 παρ’
1327 3602 1448 3667 εἰιεόνοιν

262 3708 382 3774 εὔνοιαν
403 3707 610 3791 βεβαιοτέραν
632 3707 740 3789 ἔχειν,
763 3708 841 3794 quia
863 3728 927 3775 non
952 3708 1072 3776 dicitur
1091 3707 1155 3789 ἔχιν
1179 3705 1365 3786 βόβαιόντι
1390 3705 1448 3774 sed

260 3812 402 3893 βεβαίας
432 3814 647 3881 necessarium
675 3820 725 3879 est
753 3812 967 3897 βεβαιότερον.
1022 3810 1142 3880 Eadem
1167 3831 1264 3897 opera
1299 3811 1331 3876 in
1363 3811 1449 3878 lsam

265 3919 350 3987 Orat.
364 3917 388 3984 l.
412 3915 436 4006 §
456 3921 498 3982 Ἠ
528 3918 774 3999 petasunculus
797 3919 904 3984 οὖοόαν
926 3916 1005 3995 ἕξειν
1027 3915 1235 4000 βεβαιοτέραν
1255 3914 1446 4000 adverbium

260 4044 378 4112 repone
407 4030 590 4109 comparato
624 4023 693 4090 loco
724 4024 758 4088 in
785 4021 870 4088 Orat.
896 4023 948 4090 Vl.
974 4027 992 4110 §
1017 4027 1070 4090 30.
1090 4023 1120 4106 gl
1138 4022 1169 4088 δὲ
1197 4019 1386 4101 αποδόμενός
1413 4045 1444 4087 τι

260 4132 319 4197 τῶν
338 4129 429 4196 όντων
450 4129 593 4212 οόργόριον
616 4122 789 4195 καταλίποι
803 4134 900 4196 τοῦτο
916 4129 1058 4210 βεβαίοις
1078 4125 1157 4206 ἕξειν
1179 4127 1308 4200 αὐτούς.
1327 4124 1448 4212 Contra

261 4234 441 4302 rectissime
464 4233 586 4300 (licitur
608 4233 694 4316 ἔχειν
712 4234 784 4300 τινα
802 4233 936 4314 βέβαιον
957 4236 1072 4321 φίλον,
1096 4233 1288 4320 ου’ροροαχον,
1312 4232 1444 4313 ἕραςήν,

262 4348 299 4406 ut
321 4340 355 4404 in
380 4337 622 4425 Ιαριίοιιαιονο.
644 4341 751 4405 1017:
843 4417 846 4423 ¹
1211 4325 1215 4334 ¹

431 4442 534 4524 ἐξὸν,
556 4439 579 4510 ὦ
602 4441 729 4525 πονηρέ,
752 4466 797 4509 σοι
820 4444 954 4531 βέβαιον
977 4439 1028 4524 ἔμ’
1051 4443 1137 4528 ἔχειν
1160 4443 1275 4528 Φόλον.
1394 4461 1408 4485 ··

306 4545 343 4611 ln
362 4547 517 4614 lsocnums
540 4545 665 4614 Nicoclc
687 4546 780 4636 §17-
804 4549 839 4627 ἣν
862 4546 915 4615 καὶ
931 4550 988 4626 τὴν
1011 4548 1108 4633 φύσιν
1129 4540 1447 4632 καταδεεςόρανέχα-

262 4676 308 4722 σιν
341 4671 514 4740 perperam
529 4652 681 4754 'dicituro
725 4652 842 4743 Graece
871 4651 992 4720 dicitur
1017 4653 1175 4728 καταδεῶς
1204 4649 1326 4734 exuet
1350 4671 1452 4718 ιιαταε

1134 4763 1159 4801 12
1176 4758 1185 4779 ⁴
