3767 5717
897 608 916 669 ’ί

297 787 333 851 io
365 785 480 854 iisdem
504 781 615 852 eodem
645 779 1038 866 to0d0·peccatu1·‚ooto
1064 780 1178 849 vitium
1199 779 1298 849 semel
1318 780 1491 869 deprehen·

299 911 375 960 sum
399 891 510 957 stetim
531 889 683 973 arguitur
706 894 738 954 et
759 884 835 951 alibi
857 885 1048 957 delitescens
1070 894 1101 953 et
1125 907 1164 953 ex
1185 907 1249 957 unu
1268 888 1491 956 emendatione

298 1004 480 1063 noscuntur
498 992 755 1083 complusculae,
776 990 860 1077 quod
882 995 1004 1059 nonita
1019 991 1108 1067 dico,
1125 994 1217 1077 quasi
1236 993 1290 1061 ilfa
1310 993 1492 1079 palaeogra-

299 1101 395 1188 phica
411 1101 529 1188 peritia
552 1099 651 1165 hones
671 1105 702 1168 et
727 1118 819 1165 veras
844 1098 1083 1167 emendationes
1107 1119 1218 1187 perere
1239 1099 1358 1185 possit,
1382 1098 1437 1166 sed
1455 1118 1493 1165 ea

297 1206 489 1274 observandi
514 1202 712 1273 consuetudo
734 1210 765 1268 et
790 1204 935 1274 nonnihil
957 1207 1078 1290 ingenii
1102 1207 1166 1273 uim
1184 1214 1342 1291 promovet
1363 1204 1491 1271 insitam

297 1319 352 1389 et,
376 1311 462 1397 quod
495 1310 674 1377 maximum
702 1317 772 1385 est,
791 1320 878 1384 certa
911 1317 943 1378 et
963 1311 1126 1397 explorate
1156 1319 1188 1379 et
1213 1308 1382 1377 manifesta
1415 1308 1491 1375 dare

298 1416 390 1486 colet.
448 1416 646 1483 Etiamnunc
667 1411 761 1477 nnulti
785 1414 859 1482 bonai
884 1416 947 1481 viri
971 1415 1116 1484 Griticcm
1137 1417 1204 1483 sire
1224 1422 1327 1482 artem
1355 1415 1422 1480 sire
1451 1412 1493 1481 fat

297 1521 453 1590 cultatem
475 1530 534 1609 eut
557 1518 773 1586 oderunteut
796 1540 858 1589 uon
887 1529 998 1588 amant
1032 1522 1144 1608 utique
1176 1540 1235 1588 nec
1258 1519 1409 1607 probent,
1439 1540 1490 1587 su·

297 1628 428 1713 spiciosi
445 1627 553 1696 nescio
571 1623 730 1711 quomodo
750 1644 787 1691 ac
807 1625 907 1698 veluti
924 1625 1171 1693 reformidantes
1184 1646 1224 1692 ne
1243 1624 1321 1713 quid
1345 1634 1491 1713 apportet

298 1731 376 1798 mali
405 1733 446 1797 iis
465 1731 584 1805 rebus,
605 1728 725 1815 quibus
747 1731 886 1798 maxime
913 1731 1012 1799 salvis
1034 1734 1077 1799 sit
1101 1752 1182 1820 opus
1201 1740 1233 1799 et
1253 1732 1385 1799 intactis
1406 1731 1492 1799 illue·

296 1838 417 1923 sisque.
466 1837 586 1904 Horum
619 1834 713 1920 pauci
735 1836 866 1921 quidem
888 1847 965 1904 sunt
990 1837 1138 1907 duraeet
1161 1836 1332 1924 perfrictae
1353 1835 1490 1917 frontis,

295 1944 415 2030 quibus
439 1946 465 2009 si
491 1962 556 2009 non
589 1942 622 2010 in
646 1961 701 2007 ore
724 1950 773 2007 est
796 1950 829 2010 at
852 1943 946 2010 taciti
970 1962 1079 2011 secum
1107 1944 1249 2029 cogitent
1272 1941 1352 2009 illud
1373 1941 1492 2009 Aristo·

294 2050 476 2137 pheneunte
511 2050 544 2116 οὐ
568 2046 631 2129 γὰρ
657 2046 775 2122 πείσεις
798 2049 860 2115 oet’
884 2053 919 2128 ἢν
943 2050 1062 2135 nelops.
1110 2050 1167 2115 His
1195 2068 1335 2133 egenen
1363 2047 1489 2115 duriter

295 2155 351 2222 sed
375 2174 433 2241 per
456 2154 564 2221 iocum
588 2160 619 2218 et
647 2150 818 2222 subridens
848 2156 1046 2241 reposuerim
1067 2154 1191 2221 dictum
1215 2154 1379 2221 decennus:
1403 2153 1433 2220 εί
1454 2178 1490 2219 σε

296 2259 577 2339 &dunelmensium
602 2255 714 2323 ἔπεισί
735 2261 764 2324 σ’
784 2256 823 2325 ἂν
846 2258 1072 2346 θσσίγξσσθσιισ
1103 2262 1143 2327 At
1163 2259 1218 2327 ulii
1241 2266 1317 2327 sunl
1338 2259 1490 2347 permulti

296 2366 514 2433 clementioris
538 2362 683 2449 ingenii,
718 2362 836 2449 quibus
859 2364 973 2433 Critioc
995 2365 1123 2443 sordet,
1148 2373 1186 2433 ut
1207 2385 1288 2451 quoe
1312 2365 1358 2433 uil
1378 2364 1492 2452 offerat

296 2471 381 2557 quod
403 2477 529 2538 certum
553 2488 591 2535 ac
615 2468 729 2535 stabile
750 2471 793 2536 sit
816 2477 849 2539 et
872 2472 1091 2538 necessarium
1110 2479 1142 2541 et
1165 2470 1306 2539 evidens.
1355 2470 1412 2536 His
1430 2471 1488 2556 igi-

295 2584 352 2647 tur
374 2583 406 2642 et
425 2576 624 2660 quicumque
643 2575 850 2659 amantquod
874 2596 985 2643 rerum
1007 2584 1077 2652 est,
1098 2596 1272 2664 proponam
1294 2576 1489 2643 emendatio·

296 2701 354 2752 nes
391 2677 562 2746 nonnullas
592 2698 631 2743 ex
666 2698 731 2745 uua
761 2678 937 2764 eademque
968 2680 1234 2769 palaeographica
1269 2680 1490 2748 observatione

294 2788 358 2852 noo
382 2792 475 2851 natas
499 2782 576 2861 sed,
611 2784 660 2849 uti
689 2784 824 2869 opinor,
851 2791 918 2849 tam
950 2784 1130 2871 exploratas
1152 2794 1185 2853 et
1215 2784 1423 2861 manifestas,
1449 2794 1487 2853 ut

294 2890 375 2957 nihil
400 2888 584 2958 desiderent
607 2888 693 2975 quod
716 2888 811 2960 fidem
836 2888 941 2960 fecere
954 2891 1065 2977 possit.
1111 2892 1161 2961 Ex
1180 2889 1404 2959 emendatione
1427 2892 1486 2959 lio·

292 3019 402 3073 enter,
426 2996 482 3082 qui
508 2996 542 3061 in
562 2996 675 3082 paucis
693 3016 791 3082 sagax
823 3003 855 3063 et
882 2995 994 3062 sollers
1016 2994 1077 3063 fuit
1102 2997 1237 3065 criticus
1255 3004 1288 3063 et
1311 2999 1484 3065 sanitatem

291 3106 378 3172 illam
413 3101 617 3190 popularium
645 3110 774 3177 servat,
801 3118 884 3187 quae
908 3101 953 3167 nil
977 3101 1110 3171 molitur
1145 3103 1272 3188 inepte,
1308 3102 1407 3171 veluti
1430 3124 1482 3171 ne·

291 3220 376 3279 ctam
399 3219 432 3276 et
450 3205 666 3293 suspendam,
688 3227 770 3293 quae
793 3206 905 3273 eadem
931 3207 1078 3276 veritetts
1102 3207 1221 3277 indicia
1245 3215 1277 3274 et
1300 3207 1392 3293 signa
1410 3230 1484 3277 eon-

289 3319 423 3385 tineant.
482 3312 662 3397 legebatur
702 3312 787 3400 apud
819 3311 999 3383 uotiuum
1034 3322 1139 3379 contro
1169 3310 1330 3399 Arietupit.
1377 3312 1480 3392 §df

287 3442 318 3511 p.
340 3426 423 3496 107,
457 3422 499 3485 52
523 3417 684 3501 σωφρόνων
708 3420 754 3490 e'sl
779 3419 910 3487 δικαςῶν
934 3454 978 3467 ·-
1018 3420 1062 3497 μὴ
1094 3419 1253 3501 προδοῦναι
1283 3422 1339 3495 τὴν
1370 3420 1483 3487 θείαν

289 3528 340 3595 nai
368 3530 424 3604 siaa
447 3524 566 3607 εὔορκον
589 3531 708 3609 ψῆφον.
768 3522 830 3604 Qui
854 3523 1002 3589 criticam
1026 3533 1240 3610 aspernantur
1267 3526 1351 3593 scire
1374 3544 1483 3611 perve-

287 3633 344 3698 lim
368 3630 638 3718 quemedmodum
670 3632 726 3706 ato
755 3629 837 3695 θείων
869 3633 997 3711 ψῆφον,
1016 3629 1155 3695 divinam
1184 3629 1328 3696 iudicum
1365 3640 1483 3699 senten·

290 3737 366 3801 tium
394 3736 460 3801 dici
490 3741 547 3799 eut
582 3734 719 3813 cogitari
742 3752 833 3817 posse
863 3732 1060 3800 existiment.
1108 3734 1251 3801 diuisurus
1276 3733 1483 3811 festinanter,

287 3846 324 3907 ut
354 3858 468 3925 saepe,
502 3836 620 3901 εὐθεῖαν
656 3834 857 3907 restituebat.
904 3838 1062 3907 floremus
1097 3839 1130 3905 in
1156 3837 1284 3905 Addere.
1315 3839 1340 3906 l.
1364 3860 1395 3926 p.
1418 3845 1482 3911 515

287 3946 336 4036 (ac
370 3943 441 4009 ride
459 3940 538 4028 quid
560 3941 639 4009 feris
671 3941 931 4011 eorrectiuncule
953 3942 993 4010 ab
1012 3952 1101 4011 certa
1121 3942 1345 4013 emendatione
1369 3944 1480 4045 distet)

285 4069 398 4119 verum
420 4050 518 4115 vidit:
543 4049 598 4125 sian
615 4048 702 4114 istan
722 4084 767 4095 -
787 4053 916 4132 ψῆφον,
935 4050 1130 4135 comparatis
1153 4048 1277 4117 duobus
1297 4049 1376 4117 locis
1393 4052 1479 4139 apud

288 4159 531 4235 llsuosnuenen,
557 4153 689 4245 (qupbus
705 4152 888 4240 complures
911 4154 1010 4234 alios,
1032 4155 1059 4221 si
1088 4153 1202 4221 fuisset
1225 4174 1322 4241 opus,
1347 4156 1482 4227 adiecis-

286 4269 347 4348 σοι)
368 4263 475 4330 hisce:
500 4264 535 4329 io
558 4260 716 4326 Midionne
735 4261 937 4346 peroratione
962 4282 991 4347 p.
1006 4266 1082 4329 587.
1103 4265 1158 4338 τὴν
1182 4262 1268 4329 ὁσίαν
1281 4264 1333 4330 καί
1357 4264 1480 4331 δικαίαν

285 4371 400 4451 θέμενοι
429 4375 537 4454 ψῆφον
563 4367 777 4449 τιμωρήσασθε
808 4372 932 4443 τοῦτον,
959 4375 991 4432 et
1025 4368 1226 4435 exoratione
1246 4369 1279 4433 in
1311 4368 1426 4455 Enerp.
1452 4379 1483 4437 et

284 4474 412 4542 Mnesib.
446 4496 475 4562 p.
502 4480 579 4543 464.
604 4473 691 4539 ὁσίαν
724 4472 776 4538 καί
807 4471 930 4539 δικαίαν
955 4474 1028 4556 ὑπὲρ
1053 4474 1135 4554 ὑμῶν
1161 4475 1263 4541 αὐτῶν
1283 4474 1401 4542 τίθεσθε
1424 4477 1480 4551 σὴν
1535 4516 1538 4519 -

285 4587 403 4667 ψῆφον.
454 4581 617 4649 Videtisne
646 4580 750 4666 ipsam
770 4578 906 4645 oratoris
930 4598 1063 4646 manum
1083 4581 1138 4655 τὴν
1163 4587 1293 4649 OctAN
1318 4579 1478 4666 pellucen-
