3767 5717
851 622 916 688 363

290 839 400 896 nuper,
435 817 527 888 euius
556 815 688 884 unicum
715 814 898 907 exemplum
923 825 973 883 cst
1004 813 1091 906 apud
1119 814 1311 884 Μιιιοιιειι
1339 819 1469 887 Aruns.

289 921 345 990 IV.
369 947 400 1014 p.
427 923 500 990 136.
523 941 554 992 u.

735 1028 770 1093 τὸ
795 1027 827 1094 δέ
851 1030 885 1108 γ’
907 1026 1066 1109 οέμβροσιή
1090 1051 1142 1106 μοι
1166 1027 1266 1108 ἔδοξεν

488 1129 553 1215 εἶν’,
577 1133 612 1210 ἣν
636 1133 774 1200 estanar
798 1131 941 1214 μοέκοορες
966 1132 1025 1198 θεοὶ
1051 1133 1117 1198 οοέὲν
1141 1133 1262 1216 ἐόντες,
1515 1219 1519 1224 .
1568 1212 1571 1216 A

288 1248 320 1303 at
348 1249 384 1304 tu
416 1237 537 1329 corrige
569 1241 739 1308 δνοίννντοιι.
793 1236 877 1305 {llud
909 1237 997 1332 enirn
1024 1236 1187 1326 siguificat
1214 1242 1465 1325 διοιμερίζοντοοι,

281 1349 498 1446 partiuntur.
522 1345 679 1438 Corrupta
698 1345 861 1426 Husrcnn
877 1345 980 1434 glossa
999 1355 1046 1408 est
1061 1347 1345 1415 κοοτοιδέδοοςοιιι
1363 1370 1465 1412 κοοτοο-

286 1449 466 1532 βέβροοτοιι,
492 1453 760 1534 κοοτοιριεμέριτοιι.
793 1451 972 1519 Gousuudit
992 1451 1080 1515 euim
1100 1453 1306 1528 κοισεδηδεςοοι
1320 1465 1352 1518 et
1364 1477 1467 1517 κοιτοι-

287 1553 428 1623 δέδοοςοοι.
474 1559 715 1637 Κοιτεδηδεσροοιι
745 1569 778 1623 et
804 1557 997 1634 enuntietur
1018 1557 1216 1646 respondent
1236 1557 1320 1648 apud
1343 1570 1464 1623 veteres

287 1655 397 1724 formis
416 1661 526 1730 activis
545 1663 739 1738 accredideram
756 1673 788 1726 et
804 1661 1008 1742 κοντέφοονονε
1030 1662 1191 1752 aequiores
1208 1662 1463 1743 κνοτοιβέβροιριοιι

285 1773 317 1828 ct
346 1765 543 1846 κοιτεβρώθην
575 1765 724 1838 dicebaut
755 1779 788 1833 ct
814 1766 1073 1847 κοοποοβέβροικοο,
1105 1780 1137 1835 ct
1165 1769 1285 1837 formas
1317 1768 1467 1858 antiquas

287 1869 541 1959 corrumpebant.
586 1872 783 1952 Θριπηδεςος
800 1871 898 1937 iidem
917 1870 1037 1939 stol-ide
1053 1871 1089 1938 iu
1108 1874 1329 1955 θριπηδέςοιτος
1350 1873 1465 1965 depra·
1538 1888 1543 1898 ”

287 1995 360 2042 rare
379 1976 502 2054 solent,
526 1977 601 2066 quia
621 1976 706 2044 unde
729 1977 905 2044 termarum
922 1989 1005 2043 esset
1023 1979 1220 2046 nesciebant.
1255 1978 1467 2048 Reddidimus

286 2080 437 2148 Lucretio
456 2085 679 2158 κοοτεδεσέἤννοι
697 2119 737 2133 -·
753 2083 957 2167 κοιτοοφοονών
975 2096 1036 2173 -pro
1055 2083 1292 2159 secedentium
1308 2131 1346 2143 -
1363 2109 1468 2152 κοτιν-

284 2187 400 2269 <benev
423 2199 495 2277 pag.
521 2191 579 2254 80.

331 2289 434 2375 Quem
463 2317 603 2364 errorem
625 2293 812 2362 notavimus
842 2305 874 2388 p.
892 2298 959 2362 135
988 2295 1021 2364 iu
1049 2297 1106 2363 κοοὶ
1134 2295 1295 2378 διάγχητε
1323 2321 1383 2388 pro
1411 2298 1465 2363 κοιὶ

285 2395 418 2477 dymnus
448 2419 576 2487 prorsus
607 2399 693 2466 idem
724 2399 980 2489 deprehenditur
1013 2402 1048 2464 in
1078 2400 1162 2466 libro
1195 2400 1382 2468 Srnunuurs
1410 2398 1470 2468 IX.

286 2525 319 2590 p.
339 2504 403 2566 415
434 2502 468 2568 in
497 2504 601 2570 verbis
630 2503 802 2580 βοισιλικην
828 2503 859 2568 δὲ
887 2505 980 2570 πειθὼ
1007 2504 1147 2584 λέγομεν
1178 2501 1253 2570 ὄτοον
1276 2507 1471 2589 εὐεργεσίαις

283 2605 400 2688 φέρωσι
437 2607 499 2672 xci
532 2606 723 2687 διοένιοσιν
747 2605 848 2690 ’ἐφ’ἓν
875 2606 1079 2685 duacenses
1108 2608 1296 2678 Rectissime
1323 2613 1469 2679 Ktuttutt

198 2761 207 2774 .
286 2711 366 2780 vidit
394 2733 538 2801 pannum
566 2711 654 2778 hunc
682 2733 757 2778 esse.
779 2709 951 2780 Srusucul
974 2724 1116 2780 assutum
1145 2737 1183 2780 ex
1202 2718 1310 2782 nescio
1331 2741 1396 2808 quo
1416 2740 1471 2785 so-

284 2816 403 2907 phista,
434 2830 466 2886 at
494 2818 570 2897 iste,
598 2816 742 2909 quisquis
763 2827 827 2895 est,
858 2815 991 2884 dederat
1011 2819 1127 2898 φέρωσι
1153 2821 1220 2886 net
1246 2822 1409 2904 ἄγωσιν,
1431 2836 1469 2891 ut

284 2924 383 3014 paulo
403 2935 477 2988 ante
497 2921 629 3002 ἄγοντες
654 2924 707 3004 ἐφ’
731 2919 753 2986 ὃν
777 2919 960 3008 βούλονται,
991 2923 1079 2989 etin
1098 2926 1266 2993 notissimu
1287 2928 1393 3012 φέρειν
1413 2933 1466 2997 aci

283 3028 375 3108 ἐορειν
398 3027 515 3118 frigide
538 3039 571 3094 et
593 3026 762 3118 pueriliter
785 3026 873 3092 lusit.

332 3134 381 3203 dd
401 3160 474 3227 pag.
497 3138 571 3203 137.
618 3133 757 3200 Foedius
789 3133 886 3201 etiam
916 3155 1015 3224 quem
1046 3134 1080 3203 iu
1107 3141 1255 3220 epinicion
1280 3153 1313 3206 et
1338 3144 1467 3225 ἐπριοῖτο

286 3242 532 3330 (eternitate,
562 3240 719 3314 nudetur,
751 3240 937 3324 κιχροῖσέοοι)
969 3241 1092 3322 scribae
1118 3260 1291 3333 peccarunt
1320 3247 1354 3314 in
1382 3249 1467 3317 libro

284 3349 481 3413 Paursncnr
491 3367 660 3434 conpesce
670 3349 822 3409 suaviter
831 3345 903 3408 uiui
912 3347 1091 3414 sementum
1104 3348 1290 3439 Epicurum
1301 3357 1423 3443 puceu
1434 3373 1464 3423 c.

283 3451 486 3530 Ἀλέξανδρος
516 3449 676 3525 Φιλόξενον
700 3447 876 3529 γράφοντος
905 3451 974 3530 περὶ
999 3452 1117 3517 παίδων
1139 3457 1164 3520 εἰ
1191 3469 1328 3538 πριεῖτοιι
1355 3461 1464 3540 μικρὸν

243 3557 245 3562 ’
278 3556 388 3631 ἐδέησε
412 3561 468 3627 τῆς
493 3555 659 3631 ἐπιτροπῆς
686 3553 854 3625 οέποεῆνοιι.
891 3551 1035 3618 Emende
1055 3557 1080 3620 si
1103 3558 1230 3639 πρίητοοι
1249 3574 1282 3627 ct
1298 3568 1406 3644 μικροῦ
1429 3571 1464 3630 ct

281 3665 453 3734 ἀποςῆσοιι.
502 3655 576 3722 Nou
607 3655 856 3746 assequebantur
885 3655 1137 3739 homunciones,
1171 3663 1247 3752 quid
1275 3666 1336 3731 sibi
1362 3669 1461 3737 vellet

283 3764 504 3833 coniunctirus
529 3763 563 3828 in
589 3764 615 3828 εἰ
637 3763 776 3844 πρίητοοι.
825 3763 948 3828 Eodem
974 3765 1072 3830 modu
1092 3765 1125 3831 in
1144 3790 1178 3833 re
1198 3768 1310 3835 eadem
1329 3776 1460 3861 grassati

277 3885 356 3942 sunt
385 3871 470 3963 apud
499 3869 725 3948 distabuerunt,
755 3868 808 3934 cui
826 3869 925 3934 redde
952 3871 987 3938 V.
1009 3877 1062 3938 43.
1086 3872 1191 3954 οἴχετο
1214 3876 1405 3956 χρησόμενος
1431 3882 1459 3946 εἷ

275 3979 368 4064 οοὶρέη
392 3980 442 4044 ἐπ’
467 3975 502 4052 ἣν
530 3975 682 4045 τέλλεται
702 3975 804 4056 χώρην
831 3999 889 4066 pro
915 3978 940 4042 εἰ
966 3977 1060 4058 αἱρέει
1081 3990 1114 4043 et
1135 3979 1172 4046 V.
1193 3985 1245 4047 67.
1269 3982 1458 4067 Expectand-

283 4086 351 4170 ζετο
377 4085 403 4150 εἰ
427 4080 559 4162 ἐκβάλοι
586 4082 638 4147 τὸν
659 4081 811 4162 ’Άδρηςον
831 4082 940 4174 accipe
960 4107 978 4147 a
997 4082 1158 4151 bonusne
1176 4089 1203 4152 εέ
1229 4088 1370 4173 ἐκβοένιη,
1400 4095 1458 4183 qui

180 4274 183 4278 .
274 4202 314 4270 et
336 4189 375 4257 V.
397 4193 471 4256 124.
497 4210 556 4278 pro
581 4185 766 4266 ἐβουλεύετο
787 4225 825 4236 -
844 4187 908 4253 εἴτε
933 4190 965 4260 ἐς
993 4191 1100 4271 Σοορδὼ
1128 4190 1201 4269 ἄγοι
1227 4192 1291 4259 εἴτε
1313 4196 1345 4269 ἐς
1368 4201 1456 4280 Μύρ-

272 4320 360 4364 ιιιινον
379 4295 498 4386 optime
518 4293 657 4359 restituit
675 4290 751 4376 ἄγη.
800 4279 900 4358 Recte
919 4293 1038 4383 legitur
1057 4294 1082 4360 1.
1102 4300 1156 4363 75.
1179 4297 1210 4368 ἐς
1234 4298 1277 4361 τοι
1301 4304 1456 4382 χρηςηρνη

279 4402 405 4482 ἔπεμπε
431 4403 456 4467 εἰ
485 4401 688 4482 ςροιτεύητοιι.
737 4397 871 4491 Recepit
898 4399 1053 4465 brunone
1077 4400 1231 4468 Douuuul
1256 4404 1455 4474 emendatio-

270 4529 354 4596 .nenr
389 4505 423 4572 V.
443 4509 497 4574 82.
530 4505 705 4585 ἐπειρώτεον
737 4503 849 4584 κότερον
877 4511 1004 4584 χαλκοῦ
1032 4505 1195 4572 ποιέοοντοοι
1223 4507 1240 4584 ἢ
1265 4508 1363 4590 λίνον,
1398 4511 1454 4577 ubi

280 4611 354 4678 libri
375 4618 484 4680 omnes
502 4610 656 4678 ποιέοντοιι
679 4619 817 4688 serrant,
847 4620 879 4676 et
902 4608 956 4676 VI.
977 4616 1031 4676 35.
1053 4611 1287 4691 ἐπειρησόμενος
1316 4617 1351 4680 τὸ
1374 4641 1452 4699 χρη-

279 4719 377 4799 ςηριον
401 4721 426 4785 εἶ
450 4719 550 4800 ποιέη,
582 4714 641 4782 ubi
664 4713 766 4784 codd.
787 4723 870 4784 ποιοῖ
881 4723 919 4784 'et
938 4718 1037 4800 ποιείρ
1056 4713 1223 4795 exhibent,
1246 4729 1278 4783 et
1304 4718 1356 4787 Vi.
1380 4724 1453 4792 135.

653 4831 663 4841 “
1214 4825 1270 4875 ec*
