3767 5717
981 603 989 613 '
1008 629 1074 697 sss

455 823 481 888 εί
505 818 539 896 ήν
559 819 716 902 όδίκηρια,
740 829 850 886 nutum
869 833 919 888 est
937 829 984 887 Tl
1006 834 1043 888 ut
1063 845 1157 913 saepe
1174 845 1212 890 ex
1232 832 1273 890 H.
1324 821 1428 889 dfflue
1446 836 1496 890 est
1514 822 1641 892 sitium

455 928 489 992 in
516 927 693 1016 fragmento
714 929 768 991 34.
800 927 826 992 εί
852 929 910 1006 μὲν
936 927 1052 994 δίκαιον
1076 927 1188 1009 ἔλεγεν
1210 930 1227 1005 ἢ
1254 928 1378 1009 μέτριον
1398 951 1459 1019 pro
1481 929 1579 1010 ἔλεγέ
1602 953 1640 997 τι

455 1033 628 1113 ήμέτριον.
677 1030 834 1099 Similiter
861 1033 894 1097 in
922 1033 1109 1098 Hellenicr's
1138 1032 1194 1101 vl.
1215 1052 1261 1099 lv.
1279 1040 1310 1098 5.
1337 1056 1397 1123 pro
1421 1034 1508 1115 είκερ
1532 1031 1586 1101 οὖν
1613 1035 1636 1111 ἢ

454 1142 571 1202 σαυτοῦ
602 1137 686 1211 κήδει
709 1137 726 1212 ή
750 1144 808 1212 τῆς
834 1137 982 1218 τατρίδος
1006 1139 1167 1217 ἐπιθυμεῖς
1187 1138 1300 1204 οίκτόον
1322 1139 1374 1203 ini
1395 1140 1467 1212 τοὺς
1492 1138 1636 1220 ἄνδρας,

454 1241 588 1308 emendo
608 1241 693 1323 είτερ
716 1237 765 1307 οὖν
790 1268 819 1308 τι
844 1249 962 1308 σαυτοῦ
986 1244 1080 1319 κήδει.

504 1347 574 1412 Trio
605 1346 751 1436 exemplu
778 1346 893 1413 addam
923 1370 961 1412 ex
989 1347 1185 1438 fragmentis.
1230 1346 1270 1412 ln
1300 1347 1412 1437 frugrn.
1436 1351 1457 1412 2
1480 1346 1637 1436 Remu.

455 1454 589 1533 οἰόμενος
617 1459 724 1518 τοῦτον
749 1453 932 1541 [Αἰσχίνην]
954 1454 1137 1535 Σωκράτους
1158 1452 1378 1531 γεγονέναι
1407 1454 1551 1531 ριαόητήν
1574 1453 1636 1518 καὶ

455 1559 523 1639 περὶ
545 1557 737 1633 δικαιοσύνης
759 1557 812 1622 καί
837 1560 949 1638 οίρετῆς
971 1559 1107 1630 πολλοὺς
1132 1557 1186 1624 καί
1206 1557 1336 1635 σεμνοὺς
1356 1557 1494 1635 λέγοντα
1513 1558 1636 1636 λόγους

453 1667 509 1729 οὐκ
547 1662 586 1728 όιν
624 1685 701 1728 τοτε
738 1664 937 1744 ἐπιχειρήσαι
971 1665 1038 1728 ατί.
1093 1661 1351 1753 Expungendmu
1381 1686 1449 1729 erse
1472 1661 1636 1743 Αἰσχίνην

455 1768 621 1860 apparebit
635 1767 858 1858 praecedentia
879 1768 1049 1858 relegenti:
1067 1780 1232 1860 praetcrea
1252 1769 1376 1858 corrige
1394 1768 1550 1848 γεγονότα
1568 1792 1637 1858 pro

455 1874 632 1952 γενονέναι.
679 1873 718 1939 ln
744 1887 887 1940 extremo
912 1872 976 1940 hoc
1003 1875 1181 1966 fragmento
1201 1875 1310 1941 scribit
1329 1875 1371 1942 de
1390 1874 1496 1942 retuls
1515 1874 1636 1940 decre·

454 1976 540 2066 pitu:
574 1974 607 2052 ής
633 1981 703 2062 ρ’ρῖον
727 1979 797 2052 τοὺς
821 1979 948 2052 ὀδόντας
971 1981 1140 2062 όριόμήσαι
1165 1981 1183 2057 ἢ
1209 1988 1266 2055 τῆς
1289 1981 1394 2061 χειρός
1415 1981 1486 2052 τοὺς
1508 1981 1635 2046 δακτύ-

454 2097 549 2161 λους,
584 2086 675 2173 qunsi
703 2105 768 2150 non
794 2097 898 2150 essent
924 2084 1005 2152 hece
1023 2087 1098 2153 sutis
1117 2085 1225 2152 incilia
1242 2085 1283 2150 nd
1304 2083 1549 2175 intelligendum
1570 2085 1636 2150 ud·

456 2187 582 2276 scripsit
610 2189 717 2254 nescio
747 2189 820 2278 quis
850 2187 921 2277 [όσιρ
948 2190 1101 2277 ε’λοίττους
1133 2185 1245 2278 ήσαν],
1269 2189 1357 2280 quod
1378 2191 1525 2256 certatim
1542 2190 1635 2258 docti

456 2291 603 2360 homines
622 2307 853 2385 expunxerunt.
900 2294 1023 2361 Eodem
1044 2296 1114 2361 iure
1133 2297 1167 2361 in
1185 2296 1363 2386 fragmento
1380 2301 1400 2362 4
1419 2297 1452 2362 in
1473 2297 1580 2364 verbis
1598 2300 1634 2362 cri

454 2407 549 2478 τιμῆς
576 2401 776 2480 τεταγμένης
808 2405 962 2466 τυλοῦσιν
987 2401 1064 2465 αλλ’
1088 2402 1128 2474 ὥς
1157 2399 1196 2467 ἂν
1225 2402 1364 2466 δύναιντο
1386 2395 1636 2483 τλειςηριοίσανέ

454 2529 506 2577 τες
535 2505 678 2593 [πλείςου
707 2505 891 2593 ότέδοντο],
927 2517 1060 2596 eppnret
1087 2507 1297 2598 expungenda
1325 2529 1391 2573 esse
1420 2508 1545 2574 ultima.
1591 2506 1635 2576 ln

453 2609 631 2700 fragmento
663 2613 705 2673 46
736 2609 804 2691 τερ)
837 2618 893 2685 τῆς
926 2612 1040 2692 φιλίας
1070 2619 1128 2687 τῆς
1156 2615 1234 2692 ἐμῆς
1263 2614 1428 2702 καὶ,[τνῖς]
1452 2613 1632 2694 Φερενίκου,

453 2714 581 2782 additus
608 2715 761 2780 articulus
790 2715 911 2782 iudicet
939 2715 1018 2781 dues
1047 2739 1115 2782 esse
1135 2740 1203 2796 res,
1228 2740 1363 2807 querum
1383 2731 1520 2809 uterque
1539 2741 1631 2786 susus
1732 2738 1733 2745 ¹

453 2821 572 2900 hebet,
606 2823 739 2888 omissus
768 2843 865 2886 unum
891 2833 990 2912 utque
1018 2821 1154 2889 eundem
1178 2847 1247 2889 esse
1266 2824 1391 2891 duobus
1413 2849 1630 2893 communem.

451 2928 543 2994 idern
571 2927 686 2994 vitium
705 2938 752 2992 est
773 2926 806 2991 in
831 2925 1017 3018 Cyropceol.
1037 2926 1109 2996 vlt.
1131 2952 1158 2994 r.
1180 2933 1224 2994 52
1241 2926 1276 2995 εὖ
1296 2931 1351 3006 ήδη
1375 2930 1495 2996 ἐδόκουν
1516 2931 1632 2996 εἰδέναι

450 3029 497 3098 ότι
530 3036 634 3108 πολλή
669 3033 767 3100 ἔσοιτο
803 3034 939 3114 οίφίονία
972 3041 1029 3108 τῆς
1062 3035 1141 3113 ἐμῆς
1171 3035 1225 3099 καί
1254 3035 1342 3123 [τῆς]
1370 3035 1629 3109 circumsione.
1731 3048 1732 3053 ’

452 3133 488 3204 et¹
516 3138 549 3202 in
579 3137 766 3205 Hellecicris
791 3135 850 3205 ill.
871 3156 893 3206 1.
918 3142 974 3204 26.
1004 3139 1047 3204 τοὶ
1072 3139 1200 3217 Μανίας
1224 3141 1277 3204 καί
1306 3139 1376 3227 [τό]
1407 3139 1630 3222 Φαρναβάζου.
1731 3138 1732 3143 ’

452 3245 553 3311 Recte
581 3243 740 3334 Diogenes
769 3244 853 3335 opud
884 3243 980 3310 Dloc.
1011 3243 1134 3310 erur.
1166 3243 1220 3310 Vl.
1249 3248 1291 3310 36
1314 3246 1372 3319 τήν
1396 3244 1452 3318 σήν
1471 3243 1525 3307 καί
1546 3245 1630 3321 ἐμήν
1731 3244 1732 3309 ἶ

451 3349 564 3430 φιλίαν
581 3347 770 3428 ἡμιωβολίου
785 3347 884 3428 τυρίον
899 3348 1102 3422 διαλέλυκεν,
1124 3360 1156 3415 et
1171 3349 1287 3439 passim
1307 3348 1391 3439 opud
1412 3369 1527 3412 omnes.
1549 3345 1629 3412 Non

453 3475 583 3544 possum
614 3451 810 3518 disertissimi
842 3452 899 3518 riri
925 3452 1103 3541 fragmenta
1123 3453 1284 3544 deponere
1303 3477 1340 3519 er
1359 3453 1505 3518 munibus
1522 3452 1630 3543 prius·

456 3581 553 3650 qnam
587 3558 647 3624 trie
677 3559 858 3649 turpissime
885 3557 963 3624 sitio
990 3557 1192 3638 indicavero,
1224 3582 1308 3649 quae
1333 3559 1365 3623 in
1392 3558 1450 3624 toli
1474 3558 1632 3648 scriptore

455 3665 652 3732 odiosissime
680 3677 762 3732 sunt.
808 3664 845 3729 ln
877 3665 989 3754 fragm.
1015 3669 1058 3729 33
1084 3666 1151 3730 οὐδὲ
1190 3664 1219 3730 εί
1246 3690 1295 3737 τις
1327 3665 1500 3738 είστοίητος
1531 3662 1630 3736 τόίος

455 3771 552 3844 οὐδεὶς
573 3772 722 3851 όσοςερεῖ
746 3770 801 3844 τήν
822 3768 945 3849 μητέρα
967 3769 1063 3833 αὐτοῦ
1088 3773 1149 3833 τῶν
1173 3768 1367 3850 χρημάτων,
1392 3767 1630 3835 emendarint
1730 3802 1731 3805 “

456 3877 471 3941 ό
497 3874 670 3950 εἰσποίητος
693 3873 801 3952 τοίόοι,
832 3878 867 3939 σι’
889 3873 1061 3962 quidstlio
1078 3874 1236 3964 αιίοροίίυο
1256 3875 1439 3953 acciderit,
1461 3873 1632 3940 notissimo

456 4001 526 4047 usn.
574 3977 611 4044 ln
634 3975 850 4068 pulcherrimo
878 3978 1058 4068 fragmento
1080 3983 1122 4045 45
1143 3979 1266 4046 editur:
1286 3981 1470 4062 ’Άρχιστος
1491 3979 1554 4059 γόιρ
1580 3980 1631 4044 οὑ-

455 4087 523 4152 τοσί
549 4086 778 4152 ότεδόσατο
797 4077 855 4164 ροέν
876 4087 919 4157 είς
939 4085 995 4159 τήν
1016 4085 1114 4159 αὐτήν
1137 4085 1321 4166 ταλαίςραν
1338 4082 1430 4167 οὗπερ
1447 4084 1501 4150 καὶ
1521 4090 1627 4155 Τῖσις.

457 4190 565 4258 Foeda
596 4191 758 4256 barbaries
784 4190 966 4258 ότεδόσασο
995 4213 1013 4254 u
1044 4187 1167 4257 nullius
1197 4191 1339 4256 cretione
1366 4191 1467 4280 magis
1493 4211 1630 4280 quemn

458 4296 592 4386 Lysinoe
609 4294 770 4360 obhorret
810 4295 936 4361 Bonum
958 4295 1102 4377 iactum,
1127 4295 1214 4386 quod
1234 4297 1390 4363 sententia
1410 4297 1490 4362 dicti
1509 4296 1629 4386 irnper-
1729 4290 1730 4295 ’

459 4403 580 4468 lectum
609 4402 743 4492 requirit
772 4402 946 4482 οίτεδόετο,
980 4414 1012 4467 et
1039 4415 1113 4493 post
1141 4423 1244 4494 peuce
1272 4404 1309 4468 τό
1338 4404 1396 4483 μὲν
1420 4408 1536 4484 πρῶτον
1558 4425 1630 4467 συν-

458 4513 591 4576 δειπνεῖν
616 4509 776 4583 ἐκέλευεν,
802 4508 907 4583 ἐπειδή
930 4508 958 4573 δ’
971 4511 1025 4573 οόκ
1048 4507 1196 4585 ήόίλησεν
1223 4510 1327 4586 ἐδεήθη
1352 4507 1436 4586 ήκειν
1459 4508 1554 4572 αὐτόν
1575 4509 1627 4574 ἐπὶ

459 4621 559 4693 κῶμον
590 4613 692 4694 λε’γιον
721 4610 768 4678 ότι
798 4613 867 4692 μεθ’
891 4613 988 4679 αὑτοῦ
1014 4614 1066 4678 καί
1096 4619 1156 4678 τῶν
1185 4613 1343 4677 οίκετῶν
1375 4611 1507 4695 τρίτοι.
1554 4609 1629 4677 Non

462 4722 608 4790 solebant
626 4743 699 4788 curn
719 4719 863 4786 οοιυιιίιό
880 4722 954 4786 suis
973 4732 1104 4810 potere,
1124 4719 1258 4812 opinor,
1275 4717 1383 4810 itaque
1402 4717 1523 4814 corrige
1543 4725 1630 4806 μετόο
