3767 5717
965 589 1030 653 338
1092 585 1099 596 ’

411 782 656 863 Ὀλυμπιονίκης
689 781 850 860 ἐπάταξεν
883 781 978 848 αὐτὸν
1009 781 1061 846 καὶ
1093 782 1118 845 οἱ
1135 775 1293 863 ’παρόντες
1317 783 1515 862 ηρανοὶκτονν
1543 787 1584 860 ὥς
1612 767 1618 772 ’

410 893 504 964 αὐτὸς
527 888 637 962 ἕκαστος
666 887 912 967 τετυπτημένος.
948 886 1117 954 Αάἰοοῑὶνὸ
1139 898 1245 953 tamen
1267 887 1343 954 hinc
1363 889 1500 956 formato
1523 889 1584 956 dt-

410 996 467 1062 tici
496 994 678 1060 utebantur.
719 992 958 1058 uanosmnnas
988 1019 1019 1084 p.
1051 996 1153 1071 1271,
1180 998 1217 1095 5.ι
1245 997 1278 1058 οὐ
1311 995 1480 1070 τυπτητέοι
1515 996 1583 1061 οὐδὲ

410 1100 544 1181 ὑβριςέοι
570 1100 665 1174 δήπου
690 1099 795 1177 ἐσμέν.
831 1097 1048 1164 Scflnultultus
1072 1096 1112 1162 ad
1135 1095 1340 1166 Srut’uatruu
1367 1101 1582 1173 τετυπτῆσθαι

409 1229 446 1270 ex
468 1203 691 1269 Dnuosrnunn
713 1205 802 1268 affert
821 1227 853 1292 p.
866 1207 969 1283 1255,
988 1202 1075 1294 quod
1096 1203 1128 1267 in
1145 1202 1280 1268 Lrnanrr
1299 1213 1486 1290 argumento
1501 1203 1583 1292 legi.-

408 1322 471 1377 tur.
511 1310 557 1374 ux
577 1311 719 1399 perfecto
739 1309 779 1374 de
798 1332 887 1374 more
907 1310 1051 1374 futurum
1069 1308 1269 1399 producitur,
1291 1319 1402 1398 estque
1423 1310 1583 1384 πεπληέο-

407 1440 468 1494 μαι
498 1415 532 1478 in
559 1437 636 1494 usu,
670 1426 705 1480 ut
734 1414 767 1478 in
792 1414 865 1479 loco
890 1414 1054 1481 Puauonrs
1078 1413 1297 1481 venustissime
1322 1413 1441 1504 scripto
1464 1413 1583 1481 Ttaet.

407 1525 557 1611 p.180A.
581 1519 706 1586 ἅντινα
726 1545 756 1584 τι
778 1519 843 1602 ἔρη,
863 1519 963 1602 ὥσπερ
982 1523 1016 1584 ἐκ
1037 1520 1197 1602 φαρέτρας
1217 1519 1410 1601 ῥηματίσκια
1429 1521 1582 1597 triarnum-
1687 1569 1691 1574 Δ

407 1627 486 1702 adin
517 1627 720 1696 ἀνασπῶντες
744 1624 986 1701 αποποξεύονσι,
1020 1625 1078 1690 κᾶν
1100 1625 1209 1690 τούτου
1232 1627 1325 1707 ζητῇς
1347 1623 1440 1702 λόγον
1465 1625 1583 1703 λαβεῖν

398 1732 440 1813 Ιτί
466 1730 599 1812 εἴρηκεν,
625 1728 713 1809 ἑτέρῳ
740 1728 896 1806 πεπλήξει
926 1735 1037 1802 καινῶς
1065 1730 1355 1810 αετοινομασροὲνιρ,
1377 1740 1528 1811 περανεΐς·
1550 1731 1583 1795 δὲ

407 1836 554 1901 οὐδέποτε
580 1834 663 1898 οὐδὲν
689 1834 762 1914 πρὸς
789 1834 896 1900 οὐδένα
925 1836 1038 1900 αὐτῶν.
1073 1843 1104 1900 e't
1123 1835 1156 1900 in
1178 1834 1421 1902 Aulsrot’flanls
1440 1833 1583 1922 Equiti·

407 1943 466 2006 dua
492 1963 533 2006 ra.
558 1943 633 2004 271.

586 2046 664 2110 ἀλλ’
687 2045 741 2109 εὀὶν
765 2044 868 2126 ταύτη
891 2069 931 2123 γε
957 2050 1026 2126 νικᾷ
1050 2043 1160 2126 ravani
1186 2043 1398 2121 πεπλήξεται.

409 2190 413 2197 ·
451 2151 596 2216 Medium
619 2149 782 2228 τύπτομαι
803 2149 888 2239 apud
912 2149 1034 2220 Atticos
1054 2171 1120 2214 nou
1140 2161 1186 2214 est
1206 2149 1239 2214 iu
1260 2172 1334 2227 usu,
1359 2171 1463 2238 neque
1486 2148 1582 2238 quid·

408 2267 505 2344 quam
534 2254 609 2319 inde
630 2264 758 2331 natum3
782 2253 942 2318 ἐπαίσατο
960 2253 1044 2343 apud
1070 2253 1321 2320 Xnnoruouruu
1341 2265 1406 2332 est,
1429 2265 1579 2343 utsupra

408 2359 622 2436 ostendimus,
656 2357 711 2423 sed
741 2357 841 2423 semel
871 2359 1024 2436 occurrit,
1054 2381 1159 2448 neque
1180 2382 1216 2424 ex
1237 2359 1382 2435 πατάξαι
1405 2358 1580 2450 quidquar'n

406 2466 566 2544 nascitur,
601 2487 706 2553 neque
735 2464 846 2534 formis
875 2463 1038 2543 πληξομαι
1065 2469 1123 2528 aut'
1141 2463 1328 2541 ε’πληξοὶαην
1353 2475 1498 2531 utuntur.
1544 2465 1582 2531 In

385 2580 387 2585 ’
408 2569 514 2635 Attica
544 2570 695 2636 dicebant
725 2571 882 2654 κοπτοροαι
910 2591 970 2658 pro
993 2571 1143 2659 plango,
1167 2567 1220 2634 sed
1243 2566 1305 2632 hoc
1324 2589 1454 2657 quoque
1473 2591 1582 2636 rarurn

318 2696 322 2700 ’
407 2689 474 2756 est,
498 2700 605 2767 neque
628 2699 680 2742 me
703 2673 842 2757 κόψομαι
868 2687 923 2740 aut
947 2675 1112 2756 ἐκοψοέαην
1137 2673 1268 2740 meruini
1291 2675 1406 2762 legere.

368 2818 373 2826 ·
452 2782 589 2874 Cognito
612 2783 788 2849 Atticorum
811 2803 870 2845 usu
887 2779 1073 2869 expeditum
1093 2791 1140 2846 est
1159 2779 1199 2844 de
1220 2778 1352 2844 ionibus
1378 2778 1495 2846 dicere.
1541 2779 1581 2845 In

406 2888 496 2954 iouia
525 2889 578 2954 his
607 2887 717 2954 formis
746 2886 936 2953 utebantur:
965 2885 1092 2963 τύπτω,
1115 2886 1222 2966 τύψον,
1248 2884 1371 2966 drudo,
1396 2887 1579 2964 τύπτομαι,

405 2994 585 3073 τέτνριααι,
597 2992 734 3069 ἑτύπην,
747 2993 1084 3081 adraonunplango,
1102 2991 1264 3070 τύψοροαι,
1279 2989 1459 3070 ἐτνψοὶροην.
1486 2991 1583 3058 Prac-

405 3111 492 3165 terea
512 3099 621 3174 πλήξω
644 3110 675 3162 et
696 3097 821 3174 ἔπληξα
838 3096 990 3161 dicebant
1011 3107 1042 3163 et
1062 3094 1264 3172 ἐπληξαριηνι
1289 3095 1422 3172 παταξιο
1444 3107 1477 3161 et
1497 3096 1579 3161 ε’ποέ-

405 3203 493 3280 ταξα
517 3225 583 3266 non
608 3201 774 3294 dicebant,
798 3211 830 3266 et
852 3203 1031 3275 πατοέσσον,
1058 3201 1106 3265 uti
1126 3199 1279 3278 diximus,
1300 3201 1364 3266 illi's
1383 3211 1429 3266 est
1440 3205 1581 3290 ραίριιἸο

405 3307 493 3372 idem
520 3305 608 3397 quod
638 3305 827 3384 παλλομαιι
858 3306 957 3380 παίω,
990 3307 1092 3372 παίσω
1122 3317 1153 3370 et
1178 3305 1296 3370 ἔπαισα
1317 3291 1401 3396 apud
1422 3307 1579 3396 antiquis·

393 3413 501 3479 nimos
521 3411 614 3478 lones
634 3434 699 3476 non
719 3424 905 3504 occurrunt:
924 3419 1106 3491 πληγῆναι,
1124 3415 1364 3492 πληγήσεσθαι,
1385 3412 1578 3492 πέπληγμαι

406 3518 555 3585 omnibus
587 3518 715 3586 Graecis
741 3517 914 3586 cuiuslibet
940 3519 1051 3584 aetatis
1081 3531 1115 3584 et
1134 3518 1257 3608 patriae
1280 3520 1462 3585 communia
1485 3532 1578 3585 suut:

370 3658 378 3668 ·
405 3625 562 3704 πέπληγα
583 3625 615 3689 in
635 3624 768 3713 antiqua
785 3623 863 3689 Inde
882 3623 1039 3727 significat
1058 3625 1184 3702 πληγὴν
1203 3625 1339 3710 δέδοικα,
1356 3637 1412 3690 aut
1431 3625 1579 3725 πληγρὶς,
1600 3634 1603 3640 ’

407 3741 442 3795 ut
466 3729 552 3819 apud
578 3729 711 3796 Atticos.
817 3787 822 3799 ,

452 3835 576 3924 Tragici
598 3834 771 3900 utebantur
791 3855 936 3899 sermone
956 3856 994 3898 ex
1014 3834 1113 3901 reteri
1133 3833 1243 3900 tonica
1259 3847 1290 3900 et
1314 3835 1416 3901 Attica
1439 3835 1578 3902 dialecto

405 3941 449 4006 ita
469 3941 587 4019 mixto,
606 3952 641 4004 ut
662 3963 698 4004 ex
720 3952 855 4029 utraque
877 3962 935 4005 suo
956 3939 1110 4007 arbitratu
1123 3940 1309 4008 ¹delibareut
1329 3941 1417 4032 quod
1438 3941 1577 4008 Deorum
1641 4020 1647 4030 x
1739 3955 1740 3970 ¹

406 4059 438 4112 et
458 4045 592 4113 heroum
613 4046 929 4127 μεγαλορρηριοσύνην
951 4047 1086 4114 maxime
1105 4048 1219 4116 decere
1239 4049 1426 4115 iudicarent.
1458 4049 1578 4114 Home-

406 4152 471 4218 rica
501 4152 655 4243 pleraque
685 4149 793 4216 omnia
822 4150 979 4216 lubenter.
1002 4167 1153 4244 usurpant
1181 4167 1213 4220 et
1240 4179 1276 4221 ex
1305 4155 1417 4220 Atticis
1438 4175 1578 4243 eaquae

406 4280 472 4324 non
497 4272 602 4326 essent
624 4255 790 4345 totiplebi
811 4255 844 4321 in
863 4278 926 4322 ore.
974 4257 1087 4348 Itaque
1107 4263 1307 4336 ἀποθνήσκειν
1329 4284 1394 4326 non
1414 4259 1578 4337 dicebant,

406 4365 461 4432 sed
488 4367 626 4442 θνησκιιν
651 4374 683 4428 et
704 4363 924 4441 κατθνήσκειν,
948 4365 1181 4444 κατθανοῦροαι,
1205 4368 1387 4440 κατθανεῖν,
1414 4389 1479 4430 non
1499 4367 1578 4431 οξτο-

406 4471 537 4562 arriano
563 4471 616 4540 sed
646 4467 880 4544 κατακτείνειν,
908 4491 972 4536 non
996 4470 1168 4536 ἀπέκτεινα
1189 4471 1242 4536 sed
1265 4471 1473 4552 κατέκτανον,
1498 4467 1578 4534 ἕκτοι

407 4589 565 4649 κατέαται
593 4575 757 4645 critabant
788 4579 953 4656 περιορᾶν,
977 4576 1121 4656 περιιδεῖν
1143 4589 1175 4642 et
1195 4576 1352 4667 quidquid
1366 4589 1458 4668 *esset
1479 4599 1577 4650 κατη-

358 4686 360 4689 ’
407 4685 612 4765 μαξεναὲνον.
667 4683 788 4773 Itaque
811 4680 945 4760 παταξοι
980 4692 1012 4750 et
1036 4681 1187 4762 ἐπάταξα
1218 4685 1379 4764 vitabant,
1412 4684 1515 4750 παίσω
1546 4693 1579 4746 et
