3767 5717
1001 597 1066 664 330

450 807 523 863 sunt
544 794 650 884 pueris
670 802 765 870 nota,
788 804 820 857 at
840 803 912 858 sunt
931 791 993 856 alia
1012 814 1078 857 non
1100 793 1205 858 miuus
1227 802 1330 870 certa,
1356 811 1439 882 quae
1459 792 1625 864 Atticistas

450 900 580 992 quidem
611 920 720 964 omnes
749 897 901 988 fugerunt
931 910 963 964 et
992 897 1222 967 Grammaticos
1249 897 1390 964 onmium
1420 910 1623 991 temporum,

449 1029 467 1072 e
486 1026 622 1095 quorum
643 1027 777 1069 numero
794 1016 840 1069 est
859 1027 932 1069 usus
950 1003 1037 1070 verbi
1054 1003 1147 1068 unius
1164 1005 1308 1068 omniurn
1321 1005 1476 1070 notissimi
1492 1008 1620 1088 τύπτω,

358 1176 361 1181 ⁴
450 1113 483 1176 in
516 1132 581 1201 quo
612 1110 833 1199 cognoscendo
863 1125 894 1176 et
926 1110 1098 1175 ediscenda
1125 1111 1367 1176 innumerabilis
1388 1112 1619 1203 discipulorum

449 1214 624 1300 multitudo
654 1215 731 1280 inde
762 1216 803 1281 ab
832 1217 971 1306 antiquis
1004 1215 1200 1307 temporibus
1221 1219 1403 1283 tirocinium
1427 1220 1618 1300 iecit,'nam

450 1324 506 1414 qui
533 1321 610 1387 olim
634 1322 854 1402 repletionis
881 1321 1038 1401 ὀνομάτων
1062 1323 1115 1388 sal
1140 1322 1284 1404 ῥημάτων
1308 1324 1528 1414 scriptitabant
1548 1349 1618 1394 om·

449 1452 505 1493 nes
523 1428 556 1491 in
576 1425 737 1512 barytonis
756 1425 817 1491 hoc
834 1428 980 1516 exemplo
996 1427 1170 1493 utebantur
1186 1440 1216 1494 et
1232 1427 1404 1518 discipulus
1421 1432 1617 1498 exercebant.

451 1532 537 1600 Olim
566 1542 640 1596 nata
668 1541 742 1594 suot
768 1544 910 1596 monstra
939 1542 970 1595 et
991 1543 1139 1621 portenta
1161 1531 1333 1598 formarum
1356 1540 1461 1610 τνπῶ,
1486 1533 1619 1622 ἔτνπον,

448 1636 628 1714 ἕτνπύμνν,
651 1635 790 1714 τὲτνπω,
815 1635 997 1714 ἕτετύπεον,
1016 1636 1195 1714 τοπτέτων,
1213 1637 1421 1717 τοπτύμεύον,
1443 1638 1516 1718 alia,
1536 1665 1618 1730 quae

449 1745 486 1808 in
515 1740 775 1829 magistellorum,
791 1741 927 1806 cerebris
953 1753 1140 1821 nutassent,
1164 1743 1197 1807 in
1219 1743 1411 1809 Graecorum
1433 1745 1523 1811 libris
1544 1771 1621 1814 nus·

451 1873 547 1941 quam
570 1848 733 1936 leguntur;
756 1859 788 1911 at
809 1848 961 1936 leguntur
980 1861 1012 1914 et
1027 1849 1226 1938 explicantur
1246 1849 1331 1940 apud
1348 1843 1567 1918 'Tucooosvovv
1586 1855 1621 1920 in

450 1957 604 2022 Romul
630 1953 753 2019 Aneed.
779 1952 822 2019 ll.
849 1978 881 2043 p.
904 1958 990 2020 1008
1013 1979 1081 2045 sqq.
1102 1966 1134 2020 ct
1151 1955 1232 2020 'alios
1253 1956 1383 2022 multos.
1431 1957 1471 2021 Et
1489 1956 1528 2022 de
1551 1958 1621 2024 istis

451 2059 581 2153 quidem
610 2058 716 2123 dicere
743 2058 825 2123 nibil
854 2060 987 2125 attinet:
1021 2060 1124 2125 dicam
1151 2059 1191 2124 de
1220 2060 1330 2128 formis
1358 2061 1445 2126 verbi
1470 2062 1621 2142 τύπτειν,

452 2167 568 2257 quibus
596 2173 686 2228 vetus
717 2164 824 2264 lingua
855 2177 1017 2240 uteretur,
1048 2166 1181 2256 aliisque
1211 2189 1269 2232 usu
1302 2167 1445 2234 omnium
1466 2189 1540 2234 curn
1559 2169 1621 2237 hoc

453 2271 550 2338 rerba
568 2269 767 2347 coniunctis,
790 2281 826 2333 ut
850 2267 907 2350 ᾖον,
938 2266 1023 2348 εἶμι,
1045 2265 1132 2344 ἦλθον
1153 2291 1226 2335 σοντι
1248 2270 1398 2352 ἔρχομωνε
1421 2275 1489 2354 ἐρῶ,
1512 2270 1617 2353 εἶπον,

451 2378 558 2457 elenau
588 2396 662 2438 eum
690 2374 895 2454 άποονορεύω,
925 2375 1158 2455 προσωνορεύω,
1192 2377 1387 2466 caeterisque
1415 2380 1622 2468 compositis,

449 2483 575 2571 aliaque
607 2501 689 2569 quae
716 2478 879 2567 sequiores
899 2478 1048 2544 Graeculi
1068 2503 1131 2546 non
1153 2481 1453 2566 animadverterunt.
1499 2485 1618 2552 Τύπτω

450 2586 613 2677 duplicem
636 2582 736 2648 habet
756 2582 957 2670 significandi
975 2595 1184 2673 potestatem,
1212 2610 1293 2676 quae
1314 2589 1358 2653 sie
1379 2590 1500 2678 optime
1522 2613 1619 2680 appa·

449 2693 531 2757 rabit
557 2690 582 2754 si
611 2687 823 2752 observaveris
852 2687 885 2751 id
917 2689 1004 2778 quod
1034 2688 1155 2755 dicam:
1185 2692 1316 2756 verbum
1339 2691 1400 2758 hoc
1420 2694 1451 2758 iu
1473 2695 1621 2785 populari

451 2820 596 2865 sermone
622 2817 740 2859 nomen
771 2816 809 2857 ex
839 2815 872 2858 se
902 2805 1012 2858 natum
1041 2817 1105 2859 non
1135 2794 1251 2875 habet,
1275 2796 1328 2860 sed
1349 2799 1621 2886 quemadmodum

448 2906 545 2970 verbo
575 2903 651 2968 Ξένων
682 2913 714 2965 et
744 2900 929 2989 compositis
959 2900 1129 2992 respondet
1158 2925 1273 2967 nomen
1300 2903 1363 2974 ὁδύς
1386 2903 1435 2989 (ut
1456 2903 1519 2969 ὁδὸν
1543 2903 1619 2969 Ξένων

450 3011 563 3093 eodem
591 3005 689 3072 modo
719 2989 845 3070 dicatur
864 3000 962 3096 atque
990 3007 1073 3072 νύσον
1103 3011 1229 3093 νοσεῖν),
1256 3007 1299 3072 sic
1320 3008 1415 3074 verbo
1438 3009 1567 3074 τύπτειν
1590 3018 1622 3073 et

449 3113 623 3180 τύπτεσύων
636 3108 813 3198 ¹respondet
834 3133 952 3176 nomen
973 3113 1094 3190 rtast.
1129 3112 1249 3176 Τύπτω
1271 3113 1368 3203 igitur
1388 3115 1543 3204 significat
1564 3125 1622 3178 aut

448 3218 575 3296 πληγὴν
602 3215 709 3291 δίδωμι
730 3226 786 3278 aut
806 3216 937 3294 πληγάς
963 3217 1069 3294 δίδωμι
1098 3215 1163 3302 (vel
1184 3217 1341 3296 ἕμβάλλω
1365 3220 1413 3286 vel
1433 3219 1550 3284 ἕντείνω
1569 3218 1623 3284 vel

450 3321 596 3402 ἐντρίβω,
632 3341 714 3408 quae
741 3320 850 3390 omnia
878 3320 1145 3410 apudomnesin
1169 3325 1346 3411 ususunt).
1392 3324 1622 3390 llocesteue-

450 3429 549 3505 dere,
567 3425 759 3503 verberare,
780 3449 807 3490 v.
826 3445 854 3490 c.
875 3447 1010 3515 puerum
1033 3448 1171 3516 nequam
1193 3428 1243 3494 vel
1260 3428 1432 3496 indocilem
1452 3442 1623 3495 mannent

453 3537 558 3612 fuste,
582 3530 662 3596 illud
682 3533 817 3619 ferire,
835 3534 954 3597 vulnus
977 3534 1146 3622 a'rfia'gere,
1167 3533 1287 3622 gladio,
1311 3537 1449 3626 pugione
1470 3535 1520 3602 vel
1540 3558 1624 3625 quo·

451 3661 590 3730 cumque
619 3636 684 3700 telo
713 3636 878 3718 cominus,
913 3649 948 3704 ut
976 3641 1085 3717 πλννύ
1115 3650 1147 3705 et
1173 3645 1303 3720 πρωύμω
1334 3642 1374 3705 sit
1402 3641 1498 3732 plane
1523 3641 1621 3709 idem.

401 3740 405 3747 ¹
451 3748 565 3837 ltaque
597 3740 720 3806 laborat
749 3741 839 3806 locus
870 3741 1034 3806 Patronis
1061 3742 1102 3807 de
1129 3741 1272 3832 legibus
1301 3743 1357 3810 lx.
1384 3769 1416 3835 p.
1443 3751 1519 3813 877.
1545 3767 1574 3814 Β.
1595 3749 1624 3814 εἰ.

449 3849 652 3923 ἐτελεύτησεν
677 3849 792 3931 ἕντῆς
820 3856 948 3927 πληγῆς
974 3853 1027 3912 τού
1053 3848 1249 3929 τρωύμοοτος,
1277 3849 1331 3914 ubi
1358 3857 1413 3916 τοῦ
1434 3852 1620 3932 epotaturus

450 3951 695 4047 expungendum
716 3963 774 4018 est.
812 3952 955 4042 Utroque
974 3971 1066 4018 seusu
1083 3953 1190 4018 τύπτω
1211 3965 1242 4018 et
1260 3955 1421 4036 reincepta
1441 3957 1623 4048 saepissime

451 4064 603 4152 leguntur
632 4056 718 4146 apud
747 4058 915 4148 scriptores
948 4081 1056 4124 omnes
1086 4057 1254 4124 cuiuslibet
1282 4061 1393 4126 aetatis
1421 4074 1453 4126 et
1483 4063 1621 4153 patriae:
1715 4043 1725 4054 ²

448 4168 557 4232 τύπτω
590 4183 683 4251 saepe
713 4175 760 4226 est
790 4163 916 4240 etauio
942 4163 1070 4236 δίδωμι,
1104 4175 1136 4228 at
1157 4162 1250 4252 longe
1271 4163 1471 4256 frequentius
1491 4166 1623 4246 πληγάς

449 4270 623 4351 ἐμβάλλοι
653 4280 763 4332 contra
790 4269 951 4345 τύπτομοω
981 4268 1047 4334 fere
1072 4293 1196 4360 semper
1219 4275 1415 4351 θεῑπλννάς
1441 4270 1619 4351 λοομβάνω,

413 4430 416 4433 .
449 4378 579 4468 vapulo.
627 4376 809 4440 Promiscue
838 4373 989 4438 dicuntur
1008 4373 1145 4448 τύπτω,
1164 4375 1265 4454 ποάω,
1288 4377 1420 4455 πλννάς
1446 4375 1622 4456 ἐμβάλλον,

449 4496 481 4548 et
510 4483 693 4559 τύπτομων,
728 4479 880 4558 πωίομων,
919 4479 1050 4556 πλννάς
1086 4479 1262 4561 λοομβάνω,
1298 4502 1381 4570 quae
1408 4503 1517 4546 ornnes
1547 4490 1622 4544 sunt

452 4589 624 4666 leuboveus
647 4597 677 4652 et
698 4585 865 4651 variandae
887 4583 1037 4650 orationis
1059 4606 1151 4650 causa
1172 4585 1328 4654 alternant
1349 4597 1380 4651 et
1400 4587 1483 4652 inter
1498 4608 1530 4652 se
1547 4608 1623 4675 per-

452 4704 622 4757 mutantur.
