<?xml version="1.0" encoding="UTF-8"?>
<!DOCTYPE html PUBLIC "-//W3C//DTD XHTML 1.0 Transitional//EN"
    "http://www.w3.org/TR/xhtml1/DTD/xhtml1-transitional.dtd">
<html xmlns="http://www.w3.org/1999/xhtml" xml:lang="en" lang="en">
 <head>
  <title>
</title>
<meta http-equiv="Content-Type" content="text/html;charset=utf-8" />
  <meta name='ocr-system' content='tesseract 3.04.00' />
  <meta name='ocr-capabilities' content='ocr_page ocr_carea ocr_par ocr_line ocrx_word'/>
</head>
<body>
  <div class='ocr_page' id='page_1' title='image "./variaelectiones02cobegoog_0325.png"; bbox 0 0 3767 5717; ppageno 0'>
   <div class='ocr_carea' id='block_1_1' title="bbox 864 591 931 656">
    <p class='ocr_par' dir='ltr' id='par_1_1' title="bbox 864 591 931 656">
     <span class='ocr_line' id='line_1_1' title="bbox 864 591 931 656; baseline -0.015 0"><span class='ocrx_word' id='word_1_1' title='bbox 864 591 931 656; x_wconf 78' lang='lat' dir='ltr'>dit</span> 
     </span>
    </p>
   </div>
   <div class='ocr_carea' id='block_1_2' title="bbox 309 779 1490 1194">
    <p class='ocr_par' dir='ltr' id='par_1_2' title="bbox 309 779 1490 1194">
     <span class='ocr_line' id='line_1_2' title="bbox 309 779 1490 874; baseline -0.005 -22"><span class='ocrx_word' id='word_1_2' title='bbox 309 786 350 852; x_wconf 76' lang='grc' dir='ltr'>θν</span> <span class='ocrx_word' id='word_1_3' title='bbox 374 787 407 851; x_wconf 86' lang='grc' dir='ltr'>σ’</span> <span class='ocrx_word' id='word_1_4' title='bbox 428 783 492 858; x_wconf 72' lang='grc' dir='ltr'>ἔτι,</span> <span class='ocrx_word' id='word_1_5' title='bbox 526 792 610 874; x_wconf 88' lang='lat' dir='ltr'>qnae</span> <span class='ocrx_word' id='word_1_6' title='bbox 642 782 773 850; x_wconf 76' lang='lat' dir='ltr'>evidens</span> <span class='ocrx_word' id='word_1_7' title='bbox 799 794 849 850; x_wconf 89' lang='lat' dir='ltr'>est</span> <span class='ocrx_word' id='word_1_8' title='bbox 878 781 1060 852; x_wconf 71' lang='lat' dir='ltr'><strong>emendatio</strong></span> <span class='ocrx_word' id='word_1_9' title='bbox 1089 783 1139 856; x_wconf 60' lang='lat' dir='ltr'>iu:</span> <span class='ocrx_word' id='word_1_10' title='bbox 1152 804 1212 856; x_wconf 81' lang='lat' dir='ltr'>usu</span> <span class='ocrx_word' id='word_1_11' title='bbox 1234 779 1490 873; x_wconf 56' lang='lat' dir='ltr'>tamdrequenti</span> 
     </span>
     <span class='ocr_line' id='line_1_3' title="bbox 312 889 1488 982; baseline 0 -26"><span class='ocrx_word' id='word_1_12' title='bbox 312 913 410 982; x_wconf 87' lang='lat' dir='ltr'>quom</span> <span class='ocrx_word' id='word_1_13' title='bbox 429 901 533 968; x_wconf 87' lang='lat' dir='ltr'>certo,</span> <span class='ocrx_word' id='word_1_14' title='bbox 556 912 655 981; x_wconf 88' lang='lat' dir='ltr'>aquo</span> <span class='ocrx_word' id='word_1_15' title='bbox 675 913 771 956; x_wconf 86' lang='lat' dir='ltr'>nemo</span> <span class='ocrx_word' id='word_1_16' title='bbox 791 890 858 956; x_wconf 85' lang='lat' dir='ltr'>siue</span> <span class='ocrx_word' id='word_1_17' title='bbox 877 889 1063 958; x_wconf 87' lang='lat' dir='ltr'>auditorum</span> <span class='ocrx_word' id='word_1_18' title='bbox 1084 889 1148 956; x_wconf 89' lang='lat' dir='ltr'>risu</span> <span class='ocrx_word' id='word_1_19' title='bbox 1170 889 1332 958; x_wconf 80' lang='lat' dir='ltr'>discedere</span> <span class='ocrx_word' id='word_1_20' title='bbox 1351 897 1488 982; x_wconf 76' lang='lat' dir='ltr'>poterat.</span> 
     </span>
     <span class='ocr_line' id='line_1_4' title="bbox 309 995 1488 1064; baseline -0.003 -2"><span class='ocrx_word' id='word_1_21' title='bbox 309 996 400 1062; x_wconf 88' lang='lat' dir='ltr'>Nihil</span> <span class='ocrx_word' id='word_1_22' title='bbox 428 996 543 1061; x_wconf 89' lang='lat' dir='ltr'>horum</span> <span class='ocrx_word' id='word_1_23' title='bbox 574 996 744 1062; x_wconf 68' lang='lat' dir='ltr'>Lucrinus</span> <span class='ocrx_word' id='word_1_24' title='bbox 772 1009 916 1062; x_wconf 90' lang='lat' dir='ltr'>moratur</span> <span class='ocrx_word' id='word_1_25' title='bbox 944 995 999 1062; x_wconf 90' lang='lat' dir='ltr'>sed</span> <span class='ocrx_word' id='word_1_26' title='bbox 1030 1019 1086 1061; x_wconf 88' lang='lat' dir='ltr'>suo</span> <span class='ocrx_word' id='word_1_27' title='bbox 1115 996 1270 1062; x_wconf 86' lang='lat' dir='ltr'>arbitratu</span> <span class='ocrx_word' id='word_1_28' title='bbox 1297 998 1429 1064; x_wconf 82' lang='grc' dir='ltr'><em>διδάσκον</em></span> <span class='ocrx_word' id='word_1_29' title='bbox 1455 1004 1488 1058; x_wconf 88' lang='lat' dir='ltr'>et</span> 
     </span>
     <span class='ocr_line' id='line_1_5' title="bbox 309 1099 1488 1194; baseline -0.004 -26"><span class='ocrx_word' id='word_1_30' title='bbox 309 1103 497 1181; x_wconf 89' lang='grc' dir='ltr'><em>διδάσκομαι</em></span> <span class='ocrx_word' id='word_1_31' title='bbox 520 1113 640 1168; x_wconf 88' lang='lat' dir='ltr'>temere</span> <span class='ocrx_word' id='word_1_32' title='bbox 660 1104 850 1181; x_wconf 78' lang='lat' dir='ltr'>confundit,</span> <span class='ocrx_word' id='word_1_33' title='bbox 875 1115 911 1168; x_wconf 93' lang='lat' dir='ltr'>ut</span> <span class='ocrx_word' id='word_1_34' title='bbox 929 1103 1080 1192; x_wconf 74' lang='lat' dir='ltr'>magister</span> <span class='ocrx_word' id='word_1_35' title='bbox 1101 1127 1193 1194; x_wconf 87' lang='lat' dir='ltr'>saepe</span> <span class='ocrx_word' id='word_1_36' title='bbox 1214 1102 1411 1168; x_wconf 68' lang='grc' dir='ltr'><em>διδάσκεσθαι</em></span> <span class='ocrx_word' id='word_1_37' title='bbox 1437 1099 1488 1164; x_wconf 92' lang='lat' dir='ltr'>di-</span> 
     </span>
    </p>
   </div>
   <div class='ocr_carea' id='block_1_3' title="bbox 300 1204 1583 4764">
    <p class='ocr_par' dir='ltr' id='par_1_3' title="bbox 304 1204 1583 2009">
     <span class='ocr_line' id='line_1_6' title="bbox 309 1204 1583 1297; baseline -0.002 -24"><span class='ocrx_word' id='word_1_38' title='bbox 309 1218 410 1273; x_wconf 90' lang='lat' dir='ltr'>catur.</span> <span class='ocrx_word' id='word_1_39' title='bbox 452 1204 566 1297; x_wconf 89' lang='lat' dir='ltr'>ltaque</span> <span class='ocrx_word' id='word_1_40' title='bbox 584 1207 718 1297; x_wconf 83' lang='lat' dir='ltr'>perinde</span> <span class='ocrx_word' id='word_1_41' title='bbox 739 1221 913 1274; x_wconf 88' lang='lat' dir='ltr'>estutrum</span> <span class='ocrx_word' id='word_1_42' title='bbox 935 1212 971 1288; x_wconf 88' lang='lat'>1,</span> <span class='ocrx_word' id='word_1_43' title='bbox 991 1214 1020 1274; x_wconf 92' lang='grc'>2.</span> <span class='ocrx_word' id='word_1_44' title='bbox 1041 1210 1227 1274; x_wconf 68' lang='grc' dir='ltr'><em>δίδασκευιι</em></span> <span class='ocrx_word' id='word_1_45' title='bbox 1247 1209 1391 1273; x_wconf 80' lang='grc' dir='ltr'><em>διδάσκου</em></span> <span class='ocrx_word' id='word_1_46' title='bbox 1410 1205 1488 1270; x_wconf 89' lang='lat' dir='ltr'>scri·</span> <span class='ocrx_word' id='word_1_47' title='bbox 1579 1283 1583 1292; x_wconf 25' lang='grc' dir='ltr'>ι</span> 
     </span>
     <span class='ocr_line' id='line_1_7' title="bbox 309 1311 1487 1404; baseline 0.003 -27"><span class='ocrx_word' id='word_1_48' title='bbox 309 1313 441 1390; x_wconf 80' lang='lat' dir='ltr'>bamus,</span> <span class='ocrx_word' id='word_1_49' title='bbox 482 1313 852 1403; x_wconf 67' lang='lat' dir='ltr'>quamquam&#39;isddcxov</span> <span class='ocrx_word' id='word_1_50' title='bbox 883 1313 970 1404; x_wconf 86' lang='lat' dir='ltr'>apud</span> <span class='ocrx_word' id='word_1_51' title='bbox 1003 1313 1132 1378; x_wconf 72' lang='lat' dir='ltr'>Veteres</span> <span class='ocrx_word' id='word_1_52' title='bbox 1162 1313 1335 1380; x_wconf 83' lang='lat' dir='ltr'>ridiculum</span> <span class='ocrx_word' id='word_1_53' title='bbox 1367 1311 1487 1380; x_wconf 76' lang='lat' dir='ltr'>fuisset.</span> 
     </span>
     <span class='ocr_line' id='line_1_8' title="bbox 308 1417 1488 1510; baseline 0.001 -25"><span class='ocrx_word' id='word_1_54' title='bbox 308 1417 464 1507; x_wconf 72' lang='lat' dir='ltr'>Exempla</span> <span class='ocrx_word' id='word_1_55' title='bbox 483 1417 600 1506; x_wconf 83' lang='lat' dir='ltr'>passim</span> <span class='ocrx_word' id='word_1_56' title='bbox 621 1432 812 1486; x_wconf 89' lang='lat' dir='ltr'>occurrunt:</span> <span class='ocrx_word' id='word_1_57' title='bbox 838 1419 1011 1486; x_wconf 81' lang='lat' dir='ltr'>Rhetorica</span> <span class='ocrx_word' id='word_1_58' title='bbox 1031 1442 1115 1486; x_wconf 83' lang='lat' dir='ltr'>noro</span> <span class='ocrx_word' id='word_1_59' title='bbox 1135 1419 1293 1510; x_wconf 89' lang='lat' dir='ltr'>discipulo</span> <span class='ocrx_word' id='word_1_60' title='bbox 1312 1417 1488 1508; x_wconf 85' lang='lat' dir='ltr'>pollicetur</span> 
     </span>
     <span class='ocr_line' id='line_1_9' title="bbox 310 1522 1485 1608; baseline -0.002 -18"><span class='ocrx_word' id='word_1_61' title='bbox 310 1527 346 1604; x_wconf 90' lang='grc'><strong>1,</strong></span> <span class='ocrx_word' id='word_1_62' title='bbox 368 1528 426 1590; x_wconf 83' lang='grc' dir='ltr'><strong>1οε</strong></span> <span class='ocrx_word' id='word_1_63' title='bbox 450 1522 494 1588; x_wconf 80' lang='grc' dir='ltr'>τά</span> <span class='ocrx_word' id='word_1_64' title='bbox 512 1547 548 1588; x_wconf 79' lang='grc' dir='ltr'>σε</span> <span class='ocrx_word' id='word_1_65' title='bbox 568 1525 635 1588; x_wconf 83' lang='grc' dir='ltr'><em>θεῖα</em></span> <span class='ocrx_word' id='word_1_66' title='bbox 658 1525 701 1590; x_wconf 86' lang='grc' dir='ltr'>σά</span> <span class='ocrx_word' id='word_1_67' title='bbox 722 1528 751 1589; x_wconf 80' lang='grc' dir='ltr'>τ’</span> <span class='ocrx_word' id='word_1_68' title='bbox 770 1527 945 1606; x_wconf 83' lang='grc' dir='ltr'><em>άνθράσιινα</em></span> <span class='ocrx_word' id='word_1_69' title='bbox 962 1529 1017 1592; x_wconf 81' lang='grc' dir='ltr'>οὐκ</span> <span class='ocrx_word' id='word_1_70' title='bbox 1039 1529 1081 1599; x_wconf 77' lang='lat' dir='ltr'>ric</span> <span class='ocrx_word' id='word_1_71' title='bbox 1102 1526 1227 1608; x_wconf 83' lang='grc' dir='ltr'><em>μακράν</em></span> <span class='ocrx_word' id='word_1_72' title='bbox 1246 1550 1281 1591; x_wconf 86' lang='grc' dir='ltr'>σε</span> <span class='ocrx_word' id='word_1_73' title='bbox 1302 1523 1485 1602; x_wconf 79' lang='grc' dir='ltr'><em>διδάξομαι,</em></span> 
     </span>
     <span class='ocr_line' id='line_1_10' title="bbox 306 1626 1483 1711; baseline -0.003 -16"><span class='ocrx_word' id='word_1_74' title='bbox 306 1641 338 1695; x_wconf 86' lang='lat' dir='ltr'>et</span> <span class='ocrx_word' id='word_1_75' title='bbox 362 1633 417 1709; x_wconf 72' lang='lat' dir='ltr'>lt,</span> <span class='ocrx_word' id='word_1_76' title='bbox 440 1633 470 1692; x_wconf 84' lang='lat'>3.</span> <span class='ocrx_word' id='word_1_77' title='bbox 494 1628 526 1693; x_wconf 81' lang='lat' dir='ltr'>ri</span> <span class='ocrx_word' id='word_1_78' title='bbox 545 1652 588 1706; x_wconf 80' lang='grc' dir='ltr'>με</span> <span class='ocrx_word' id='word_1_79' title='bbox 610 1629 762 1707; x_wconf 72' lang='grc' dir='ltr'><em>διδάξειςς</em></span> <span class='ocrx_word' id='word_1_80' title='bbox 786 1669 832 1682; x_wconf 88' lang='lat'><em>-</em></span> <span class='ocrx_word' id='word_1_81' title='bbox 855 1626 1021 1709; x_wconf 78' lang='grc' dir='ltr'><em>διδάξομαι</em></span> <span class='ocrx_word' id='word_1_82' title='bbox 1051 1633 1108 1711; x_wconf 84' lang='grc' dir='ltr'>μὲν</span> <span class='ocrx_word' id='word_1_83' title='bbox 1137 1632 1220 1698; x_wconf 81' lang='grc' dir='ltr'><em>οὐδὲν</em></span> <span class='ocrx_word' id='word_1_84' title='bbox 1246 1629 1415 1708; x_wconf 73' lang='grc' dir='ltr'><em>άναμνιθσυ</em></span> <span class='ocrx_word' id='word_1_85' title='bbox 1440 1627 1483 1692; x_wconf 84' lang='grc' dir='ltr'>δέ.</span> 
     </span>
     <span class='ocr_line' id='line_1_11' title="bbox 306 1733 1486 1817; baseline 0.003 -17"><span class='ocrx_word' id='word_1_86' title='bbox 306 1733 510 1811; x_wconf 78' lang='lat' dir='ltr'>cf.a⁵,26.</span> <span class='ocrx_word' id='word_1_87' title='bbox 547 1735 988 1817; x_wconf 77' lang='lat' dir='ltr'>tu.§§17,1e,19,20,</span> <span class='ocrx_word' id='word_1_88' title='bbox 1014 1739 1149 1814; x_wconf 86' lang='grc'><strong>21,24.</strong></span> <span class='ocrx_word' id='word_1_89' title='bbox 1185 1738 1316 1814; x_wconf 82' lang='grc'><strong>50,17.</strong></span> <span class='ocrx_word' id='word_1_90' title='bbox 1351 1736 1410 1814; x_wconf 88' lang='lat'>51,</span> <span class='ocrx_word' id='word_1_91' title='bbox 1433 1735 1486 1804; x_wconf 81' lang='grc'>11.</span> 
     </span>
     <span class='ocr_line' id='line_1_12' title="bbox 304 1832 1485 1924; baseline -0.004 -19"><span class='ocrx_word' id='word_1_92' title='bbox 304 1841 441 1917; x_wconf 89' lang='grc'><strong>70,12.</strong></span> <span class='ocrx_word' id='word_1_93' title='bbox 466 1838 545 1916; x_wconf 73' lang='grc' dir='ltr'>ἐγὼ,</span> <span class='ocrx_word' id='word_1_94' title='bbox 574 1832 594 1911; x_wconf 80' lang='grc' dir='ltr'><strong><em>ἦ</em></strong></span> <span class='ocrx_word' id='word_1_95' title='bbox 616 1839 642 1902; x_wconf 84' lang='grc' dir='ltr'>δ’</span> <span class='ocrx_word' id='word_1_96' title='bbox 662 1835 712 1913; x_wconf 76' lang='grc' dir='ltr'>ὅς,</span> <span class='ocrx_word' id='word_1_97' title='bbox 737 1839 906 1918; x_wconf 77' lang='grc' dir='ltr'><em>διδάξομαθ</em></span> <span class='ocrx_word' id='word_1_98' title='bbox 930 1863 978 1906; x_wconf 91' lang='grc' dir='ltr'>σε.</span> <span class='ocrx_word' id='word_1_99' title='bbox 1003 1838 1089 1924; x_wconf 75' lang='grc' dir='ltr'>κᾷτα</span> <span class='ocrx_word' id='word_1_100' title='bbox 1108 1836 1283 1921; x_wconf 76' lang='grc' dir='ltr'><em>άρξάμενος</em></span> <span class='ocrx_word' id='word_1_101' title='bbox 1305 1838 1485 1912; x_wconf 78' lang='grc' dir='ltr'><em>ἐδίδασκεν,</em></span> 
     </span>
     <span class='ocr_line' id='line_1_13' title="bbox 308 1942 453 2009; baseline -0.007 0"><span class='ocrx_word' id='word_1_102' title='bbox 308 1955 340 2009; x_wconf 89' lang='lat' dir='ltr'>et</span> <span class='ocrx_word' id='word_1_103' title='bbox 364 1942 453 2008; x_wconf 85' lang='lat' dir='ltr'>alibi.</span> 
     </span>
    </p>

    <p class='ocr_par' dir='ltr' id='par_1_4' title="bbox 300 2045 1567 4764">
     <span class='ocr_line' id='line_1_14' title="bbox 352 2045 1485 2141; baseline -0.001 -28"><span class='ocrx_word' id='word_1_104' title='bbox 352 2047 449 2113; x_wconf 78' lang='lat' dir='ltr'>Aliud</span> <span class='ocrx_word' id='word_1_105' title='bbox 469 2045 582 2112; x_wconf 77' lang='lat' dir='ltr'>vitium</span> <span class='ocrx_word' id='word_1_106' title='bbox 603 2046 755 2115; x_wconf 83' lang='lat' dir='ltr'>Lucrsuo</span> <span class='ocrx_word' id='word_1_107' title='bbox 780 2049 928 2129; x_wconf 35' lang='lat' dir='ltr'>solemne,</span> <span class='ocrx_word' id='word_1_108' title='bbox 944 2061 1007 2128; x_wconf 87' lang='lat' dir='ltr'>est,</span> <span class='ocrx_word' id='word_1_109' title='bbox 1026 2049 1167 2130; x_wconf 83' lang='grc' dir='ltr'><em>σέθειμαι</em></span> <span class='ocrx_word' id='word_1_110' title='bbox 1190 2073 1247 2141; x_wconf 90' lang='lat' dir='ltr'>pro</span> <span class='ocrx_word' id='word_1_111' title='bbox 1269 2058 1378 2128; x_wconf 83' lang='grc' dir='ltr'><em>κεῖμαι</em></span> <span class='ocrx_word' id='word_1_112' title='bbox 1398 2046 1485 2138; x_wconf 86' lang='lat' dir='ltr'>posi-</span> 
     </span>
     <span class='ocr_line' id='line_1_15' title="bbox 308 2150 1486 2245; baseline 0.003 -25"><span class='ocrx_word' id='word_1_113' title='bbox 308 2166 388 2220; x_wconf 92' lang='lat' dir='ltr'>tum.</span> <span class='ocrx_word' id='word_1_114' title='bbox 410 2150 632 2230; x_wconf 81' lang='lat' dir='ltr'>Athenienses,</span> <span class='ocrx_word' id='word_1_115' title='bbox 648 2165 681 2219; x_wconf 90' lang='lat' dir='ltr'>et</span> <span class='ocrx_word' id='word_1_116' title='bbox 699 2166 792 2221; x_wconf 88' lang='lat' dir='ltr'>autea</span> <span class='ocrx_word' id='word_1_117' title='bbox 811 2155 905 2221; x_wconf 83' lang='lat' dir='ltr'>Iones</span> <span class='ocrx_word' id='word_1_118' title='bbox 923 2177 1049 2232; x_wconf 89' lang='lat' dir='ltr'>omues,</span> <span class='ocrx_word' id='word_1_119' title='bbox 1069 2177 1127 2245; x_wconf 87' lang='lat' dir='ltr'>pro</span> <span class='ocrx_word' id='word_1_120' title='bbox 1142 2156 1284 2234; x_wconf 82' lang='grc' dir='ltr'><em>σέθειμαι</em></span> <span class='ocrx_word' id='word_1_121' title='bbox 1304 2164 1486 2224; x_wconf 73' lang='lat' dir='ltr'>constanter</span> 
     </span>
     <span class='ocr_line' id='line_1_16' title="bbox 306 2256 1484 2340; baseline -0.003 -15"><span class='ocrx_word' id='word_1_122' title='bbox 306 2261 416 2338; x_wconf 78' lang='grc' dir='ltr'><em>κεῖμαι</em></span> <span class='ocrx_word' id='word_1_123' title='bbox 438 2257 600 2324; x_wconf 90' lang='lat' dir='ltr'>dicebant.</span> <span class='ocrx_word' id='word_1_124' title='bbox 623 2258 739 2324; x_wconf 77' lang='grc' dir='ltr'><em>τιθέναι</em></span> <span class='ocrx_word' id='word_1_125' title='bbox 762 2261 852 2340; x_wconf 88' lang='grc' dir='ltr'><em>νθμον</em></span> <span class='ocrx_word' id='word_1_126' title='bbox 871 2272 903 2326; x_wconf 90' lang='lat' dir='ltr'>et</span> <span class='ocrx_word' id='word_1_127' title='bbox 924 2260 939 2324; x_wconf 87' lang='grc' dir='ltr'><em>ά</em></span> <span class='ocrx_word' id='word_1_128' title='bbox 960 2258 1054 2338; x_wconf 67' lang='grc' dir='ltr'><em>νόμον</em></span> <span class='ocrx_word' id='word_1_129' title='bbox 1079 2267 1200 2339; x_wconf 78' lang='grc' dir='ltr'><em>κεῖσαι,</em></span> <span class='ocrx_word' id='word_1_130' title='bbox 1225 2258 1410 2340; x_wconf 73' lang='grc' dir='ltr'><em>περιτιθέναι</em></span> <span class='ocrx_word' id='word_1_131' title='bbox 1432 2256 1484 2326; x_wconf 74' lang='grc' dir='ltr'>ςέ-</span> 
     </span>
     <span class='ocr_line' id='line_1_17' title="bbox 306 2365 1484 2449; baseline -0.006 -17"><span class='ocrx_word' id='word_1_132' title='bbox 306 2371 406 2449; x_wconf 82' lang='grc' dir='ltr'><em>φανον</em></span> <span class='ocrx_word' id='word_1_133' title='bbox 440 2373 480 2446; x_wconf 66' lang='grc' dir='ltr'>τῇ</span> <span class='ocrx_word' id='word_1_134' title='bbox 512 2368 642 2448; x_wconf 69' lang='grc' dir='ltr'><em>κεφαλῇ</em></span> <span class='ocrx_word' id='word_1_135' title='bbox 676 2380 709 2430; x_wconf 89' lang='lat' dir='ltr'>et</span> <span class='ocrx_word' id='word_1_136' title='bbox 735 2367 749 2430; x_wconf 82' lang='grc' dir='ltr'>ὁ</span> <span class='ocrx_word' id='word_1_137' title='bbox 777 2367 914 2448; x_wconf 60' lang='lat' dir='ltr'>sideros</span> <span class='ocrx_word' id='word_1_138' title='bbox 938 2374 979 2448; x_wconf 72' lang='grc' dir='ltr'>τῇ</span> <span class='ocrx_word' id='word_1_139' title='bbox 1004 2369 1133 2448; x_wconf 70' lang='grc' dir='ltr'><em>κεφαλῇ</em></span> <span class='ocrx_word' id='word_1_140' title='bbox 1160 2365 1347 2444; x_wconf 77' lang='grc' dir='ltr'><em>περίκεισαι,</em></span> <span class='ocrx_word' id='word_1_141' title='bbox 1380 2383 1484 2441; x_wconf 59' lang='lat' dir='ltr'>orporea</span> 
     </span>
     <span class='ocr_line' id='line_1_18' title="bbox 305 2466 1483 2552; baseline -0.004 -18"><span class='ocrx_word' id='word_1_142' title='bbox 305 2470 387 2535; x_wconf 68' lang='lat' dir='ltr'>diuus</span> <span class='ocrx_word' id='word_1_143' title='bbox 415 2467 516 2549; x_wconf 82' lang='grc' dir='ltr'><em>νεκρθν</em></span> <span class='ocrx_word' id='word_1_144' title='bbox 538 2479 571 2534; x_wconf 88' lang='lat' dir='ltr'>et</span> <span class='ocrx_word' id='word_1_145' title='bbox 590 2469 604 2531; x_wconf 86' lang='grc' dir='ltr'><em>θ</em></span> <span class='ocrx_word' id='word_1_146' title='bbox 626 2471 727 2550; x_wconf 77' lang='grc' dir='ltr'><em>νεκρὸς</em></span> <span class='ocrx_word' id='word_1_147' title='bbox 754 2470 932 2552; x_wconf 77' lang='grc' dir='ltr'><em>πρόκεισαι,</em></span> <span class='ocrx_word' id='word_1_148' title='bbox 967 2469 1045 2534; x_wconf 81' lang='lat' dir='ltr'>siet</span> <span class='ocrx_word' id='word_1_149' title='bbox 1071 2477 1147 2542; x_wconf 77' lang='grc' dir='ltr'><em>σαῖς</em></span> <span class='ocrx_word' id='word_1_150' title='bbox 1174 2467 1329 2542; x_wconf 80' lang='grc' dir='ltr'><em>ἔκκειται,</em></span> <span class='ocrx_word' id='word_1_151' title='bbox 1362 2466 1483 2546; x_wconf 66' lang='lat' dir='ltr'>dcirco</span> 
     </span>
     <span class='ocr_line' id='line_1_19' title="bbox 305 2569 1482 2651; baseline -0.003 -13"><span class='ocrx_word' id='word_1_152' title='bbox 305 2573 493 2649; x_wconf 71' lang='lat' dir='ltr'>uindicarem,</span> <span class='ocrx_word' id='word_1_153' title='bbox 526 2569 692 2637; x_wconf 81' lang='grc' dir='ltr'><em>άνάκειται</em></span> <span class='ocrx_word' id='word_1_154' title='bbox 720 2574 764 2649; x_wconf 78' lang='grc' dir='ltr'>τά</span> <span class='ocrx_word' id='word_1_155' title='bbox 797 2575 1010 2651; x_wconf 73' lang='grc' dir='ltr'><em>ἀναθήματα,</em></span> <span class='ocrx_word' id='word_1_156' title='bbox 1050 2573 1085 2637; x_wconf 78' lang='grc' dir='ltr'>τὸ</span> <span class='ocrx_word' id='word_1_157' title='bbox 1119 2571 1262 2650; x_wconf 75' lang='grc' dir='ltr'><em>σύνθημα</em></span> <span class='ocrx_word' id='word_1_158' title='bbox 1294 2570 1482 2648; x_wconf 74' lang='grc' dir='ltr'><em>σύγκειται,</em></span> 
     </span>
     <span class='ocr_line' id='line_1_20' title="bbox 307 2673 1483 2766; baseline -0.003 -23"><span class='ocrx_word' id='word_1_159' title='bbox 307 2674 341 2743; x_wconf 77' lang='grc' dir='ltr'>εὖ</span> <span class='ocrx_word' id='word_1_160' title='bbox 356 2678 529 2743; x_wconf 77' lang='grc' dir='ltr'><em>διακεῖσθαι</em></span> <span class='ocrx_word' id='word_1_161' title='bbox 550 2688 583 2742; x_wconf 88' lang='lat' dir='ltr'>et</span> <span class='ocrx_word' id='word_1_162' title='bbox 603 2673 637 2742; x_wconf 81' lang='grc' dir='ltr'>εὖ</span> <span class='ocrx_word' id='word_1_163' title='bbox 655 2679 838 2754; x_wconf 76' lang='grc' dir='ltr'><em>διατιθέναι,</em></span> <span class='ocrx_word' id='word_1_164' title='bbox 860 2678 945 2744; x_wconf 93' lang='lat' dir='ltr'>etin</span> <span class='ocrx_word' id='word_1_165' title='bbox 966 2677 1098 2744; x_wconf 86' lang='lat' dir='ltr'>caeteris</span> <span class='ocrx_word' id='word_1_166' title='bbox 1119 2676 1283 2755; x_wconf 88' lang='lat' dir='ltr'>omuibus,</span> <span class='ocrx_word' id='word_1_167' title='bbox 1303 2675 1389 2766; x_wconf 92' lang='lat' dir='ltr'>quod</span> <span class='ocrx_word' id='word_1_168' title='bbox 1411 2675 1483 2765; x_wconf 92' lang='lat' dir='ltr'>quis</span> 
     </span>
     <span class='ocr_line' id='line_1_21' title="bbox 306 2781 1483 2872; baseline -0.003 -23"><span class='ocrx_word' id='word_1_169' title='bbox 306 2805 372 2849; x_wconf 90' lang='lat' dir='ltr'>nou</span> <span class='ocrx_word' id='word_1_170' title='bbox 392 2781 567 2848; x_wconf 82' lang='lat' dir='ltr'>sexcenties</span> <span class='ocrx_word' id='word_1_171' title='bbox 585 2782 669 2848; x_wconf 82' lang='lat' dir='ltr'>ister</span> <span class='ocrx_word' id='word_1_172' title='bbox 687 2783 858 2872; x_wconf 82' lang='lat' dir='ltr'>legendum</span> <span class='ocrx_word' id='word_1_173' title='bbox 870 2783 970 2850; x_wconf 80' lang='lat' dir='ltr'>vidit?</span> <span class='ocrx_word' id='word_1_174' title='bbox 993 2783 1243 2872; x_wconf 82' lang='lat' dir='ltr'>Nonnumquam</span> <span class='ocrx_word' id='word_1_175' title='bbox 1260 2783 1319 2846; x_wconf 82' lang='grc' dir='ltr'>ὑσθ</span> <span class='ocrx_word' id='word_1_176' title='bbox 1338 2781 1483 2862; x_wconf 79' lang='lat' dir='ltr'>additur,</span> 
     </span>
     <span class='ocr_line' id='line_1_22' title="bbox 303 2885 1482 2973; baseline -0.003 -20"><span class='ocrx_word' id='word_1_177' title='bbox 303 2900 339 2954; x_wconf 91' lang='lat' dir='ltr'>ut</span> <span class='ocrx_word' id='word_1_178' title='bbox 358 2888 392 2952; x_wconf 89' lang='lat' dir='ltr'>in</span> <span class='ocrx_word' id='word_1_179' title='bbox 411 2885 508 2954; x_wconf 75' lang='lat' dir='ltr'>lssto</span> <span class='ocrx_word' id='word_1_180' title='bbox 528 2887 615 2954; x_wconf 84' lang='lat' dir='ltr'>Orat.</span> <span class='ocrx_word' id='word_1_181' title='bbox 634 2887 694 2956; x_wconf 86' lang='lat'><em>111.</em></span> <span class='ocrx_word' id='word_1_182' title='bbox 715 2893 768 2954; x_wconf 85' lang='lat'>32.</span> <span class='ocrx_word' id='word_1_183' title='bbox 792 2889 822 2955; x_wconf 80' lang='lat' dir='ltr'>ei</span> <span class='ocrx_word' id='word_1_184' title='bbox 844 2914 893 2961; x_wconf 77' lang='lat' dir='ltr'>rto</span> <span class='ocrx_word' id='word_1_185' title='bbox 921 2892 985 2973; x_wconf 71' lang='grc' dir='ltr'><em>ἤδει</em></span> <span class='ocrx_word' id='word_1_186' title='bbox 1004 2891 1086 2956; x_wconf 73' lang='grc' dir='ltr'><em>τοῦθ’</em></span> <span class='ocrx_word' id='word_1_187' title='bbox 1115 2891 1172 2954; x_wconf 80' lang='grc' dir='ltr'>ὑπὸ</span> <span class='ocrx_word' id='word_1_188' title='bbox 1195 2891 1248 2954; x_wconf 79' lang='grc' dir='ltr'>τοῦ</span> <span class='ocrx_word' id='word_1_189' title='bbox 1275 2888 1391 2968; x_wconf 80' lang='grc' dir='ltr'><em>πατρὸς</em></span> <span class='ocrx_word' id='word_1_190' title='bbox 1418 2886 1482 2951; x_wconf 74' lang='grc' dir='ltr'><em>κοθ-</em></span> 
     </span>
     <span class='ocr_line' id='line_1_23' title="bbox 301 2991 1480 3086; baseline -0.001 -26"><span class='ocrx_word' id='word_1_191' title='bbox 301 3018 408 3074; x_wconf 80' lang='grc' dir='ltr'><em>μενον,</em></span> <span class='ocrx_word' id='word_1_192' title='bbox 434 3019 549 3060; x_wconf 84' lang='lat' dir='ltr'>nomen</span> <span class='ocrx_word' id='word_1_193' title='bbox 567 3019 591 3060; x_wconf 84' lang='lat' dir='ltr'>a</span> <span class='ocrx_word' id='word_1_194' title='bbox 603 3004 710 3086; x_wconf 77' lang='lat' dir='ltr'>patre</span> <span class='ocrx_word' id='word_1_195' title='bbox 729 3000 930 3086; x_wconf 65' lang='grc' dir='ltr'>ι’κῳοκὶθνικ.</span> <span class='ocrx_word' id='word_1_196' title='bbox 955 2996 1157 3062; x_wconf 71' lang='lat' dir='ltr'>Hircuosus</span> <span class='ocrx_word' id='word_1_197' title='bbox 1173 2993 1230 3058; x_wconf 82' lang='lat' dir='ltr'>HL</span> <span class='ocrx_word' id='word_1_198' title='bbox 1249 2995 1300 3060; x_wconf 82' lang='lat'>40.</span> <span class='ocrx_word' id='word_1_199' title='bbox 1319 2991 1420 3074; x_wconf 75' lang='grc' dir='ltr'><em>τοθπῳ</em></span> <span class='ocrx_word' id='word_1_200' title='bbox 1436 2992 1480 3074; x_wconf 75' lang='lat' dir='ltr'>roi</span> 
     </span>
     <span class='ocr_line' id='line_1_24' title="bbox 302 3100 1483 3192; baseline -0.002 -28"><span class='ocrx_word' id='word_1_201' title='bbox 302 3100 337 3177; x_wconf 78' lang='grc' dir='ltr'>ἐξ</span> <span class='ocrx_word' id='word_1_202' title='bbox 355 3102 431 3178; x_wconf 81' lang='grc' dir='ltr'><em>ἐμεῦ</em></span> <span class='ocrx_word' id='word_1_203' title='bbox 453 3102 641 3182; x_wconf 76' lang='grc' dir='ltr'><em>ὑποκειμένῳ</em></span> <span class='ocrx_word' id='word_1_204' title='bbox 661 3101 747 3168; x_wconf 82' lang='grc' dir='ltr'><em>άκέο.</em></span> <span class='ocrx_word' id='word_1_205' title='bbox 773 3113 937 3192; x_wconf 84' lang='lat' dir='ltr'>praetcrea</span> <span class='ocrx_word' id='word_1_206' title='bbox 958 3101 1021 3168; x_wconf 90' lang='lat' dir='ltr'>hoc</span> <span class='ocrx_word' id='word_1_207' title='bbox 1044 3124 1144 3168; x_wconf 89' lang='lat' dir='ltr'>uuum</span> <span class='ocrx_word' id='word_1_208' title='bbox 1165 3100 1289 3168; x_wconf 89' lang='lat' dir='ltr'>affirmo</span> <span class='ocrx_word' id='word_1_209' title='bbox 1311 3109 1344 3164; x_wconf 89' lang='lat' dir='ltr'>ct</span> <span class='ocrx_word' id='word_1_210' title='bbox 1366 3120 1483 3187; x_wconf 75' lang='lat' dir='ltr'>urgeo,</span> 
     </span>
     <span class='ocr_line' id='line_1_25' title="bbox 302 3203 1482 3302; baseline -0.001 -31"><span class='ocrx_word' id='word_1_211' title='bbox 302 3203 387 3271; x_wconf 88' lang='lat' dir='ltr'>hano</span> <span class='ocrx_word' id='word_1_212' title='bbox 416 3205 520 3295; x_wconf 79' lang='lat' dir='ltr'>legem</span> <span class='ocrx_word' id='word_1_213' title='bbox 550 3217 742 3296; x_wconf 87' lang='lat' dir='ltr'>perpetuam</span> <span class='ocrx_word' id='word_1_214' title='bbox 771 3231 837 3274; x_wconf 90' lang='lat' dir='ltr'>esse</span> <span class='ocrx_word' id='word_1_215' title='bbox 865 3220 899 3274; x_wconf 83' lang='lat' dir='ltr'>et</span> <span class='ocrx_word' id='word_1_216' title='bbox 924 3229 1103 3299; x_wconf 81' lang='lat' dir='ltr'>numquam</span> <span class='ocrx_word' id='word_1_217' title='bbox 1123 3233 1141 3274; x_wconf 89' lang='lat' dir='ltr'>a</span> <span class='ocrx_word' id='word_1_218' title='bbox 1161 3229 1326 3302; x_wconf 87' lang='lat' dir='ltr'>quoquam</span> <span class='ocrx_word' id='word_1_219' title='bbox 1349 3204 1482 3284; x_wconf 82' lang='lat' dir='ltr'>uiolari,</span> 
     </span>
     <span class='ocr_line' id='line_1_26' title="bbox 304 3311 1482 3404; baseline 0.004 -29"><span class='ocrx_word' id='word_1_220' title='bbox 304 3311 365 3376; x_wconf 85' lang='lat' dir='ltr'>nisi</span> <span class='ocrx_word' id='word_1_221' title='bbox 393 3335 410 3376; x_wconf 91' lang='lat' dir='ltr'>a</span> <span class='ocrx_word' id='word_1_222' title='bbox 443 3312 626 3378; x_wconf 86' lang='lat' dir='ltr'>Graeculis:</span> <span class='ocrx_word' id='word_1_223' title='bbox 659 3314 801 3392; x_wconf 80' lang='grc' dir='ltr'><em>σέθειμαι</em></span> <span class='ocrx_word' id='word_1_224' title='bbox 833 3315 959 3404; x_wconf 74' lang='lat' dir='ltr'>passive</span> <span class='ocrx_word' id='word_1_225' title='bbox 984 3338 1088 3404; x_wconf 18' lang='lat' dir='ltr'>nemo*</span> <span class='ocrx_word' id='word_1_226' title='bbox 1108 3314 1206 3392; x_wconf 85' lang='lat' dir='ltr'>dicit,</span> <span class='ocrx_word' id='word_1_227' title='bbox 1237 3329 1482 3402; x_wconf 84' lang='lat' dir='ltr'>nonnumquam</span> 
     </span>
     <span class='ocr_line' id='line_1_27' title="bbox 304 3415 1482 3510; baseline 0.004 -29"><span class='ocrx_word' id='word_1_228' title='bbox 304 3417 467 3482; x_wconf 77' lang='lat' dir='ltr'>transitivo</span> <span class='ocrx_word' id='word_1_229' title='bbox 488 3439 582 3483; x_wconf 88' lang='lat' dir='ltr'>sensu</span> <span class='ocrx_word' id='word_1_230' title='bbox 601 3418 637 3482; x_wconf 92' lang='lat' dir='ltr'>in</span> <span class='ocrx_word' id='word_1_231' title='bbox 656 3417 761 3482; x_wconf 83' lang='lat' dir='ltr'>forma</span> <span class='ocrx_word' id='word_1_232' title='bbox 780 3420 887 3486; x_wconf 90' lang='lat' dir='ltr'>media</span> <span class='ocrx_word' id='word_1_233' title='bbox 907 3421 1161 3510; x_wconf 88' lang='lat' dir='ltr'>compositorum</span> <span class='ocrx_word' id='word_1_234' title='bbox 1180 3417 1316 3508; x_wconf 76' lang='lat' dir='ltr'>iegitur,</span> <span class='ocrx_word' id='word_1_235' title='bbox 1340 3429 1375 3484; x_wconf 91' lang='lat' dir='ltr'>ut</span> <span class='ocrx_word' id='word_1_236' title='bbox 1395 3415 1482 3508; x_wconf 86' lang='lat' dir='ltr'>opud</span> 
     </span>
     <span class='ocr_line' id='line_1_28' title="bbox 305 3521 1480 3613; baseline -0.001 -26"><span class='ocrx_word' id='word_1_237' title='bbox 305 3521 474 3588; x_wconf 77' lang='lat' dir='ltr'>Dnuusrfl.</span> <span class='ocrx_word' id='word_1_238' title='bbox 501 3547 533 3613; x_wconf 88' lang='lat' dir='ltr'>p.</span> <span class='ocrx_word' id='word_1_239' title='bbox 561 3526 639 3589; x_wconf 89' lang='lat'><strong>912.</strong></span> <span class='ocrx_word' id='word_1_240' title='bbox 672 3525 726 3587; x_wconf 82' lang='grc' dir='ltr'>οὐκ</span> <span class='ocrx_word' id='word_1_241' title='bbox 759 3522 901 3604; x_wconf 76' lang='grc' dir='ltr'><em>ἔφασκεν</em></span> <span class='ocrx_word' id='word_1_242' title='bbox 934 3524 1005 3590; x_wconf 75' lang='grc' dir='ltr'><em>οὔτε</em></span> <span class='ocrx_word' id='word_1_243' title='bbox 1037 3525 1080 3590; x_wconf 83' lang='grc' dir='ltr'>τά</span> <span class='ocrx_word' id='word_1_244' title='bbox 1107 3525 1265 3603; x_wconf 72' lang='grc' dir='ltr'><em>χρήματα</em></span> <span class='ocrx_word' id='word_1_245' title='bbox 1294 3524 1480 3587; x_wconf 72' lang='grc' dir='ltr'>ἐντεθεῖσθαι</span> 
     </span>
     <span class='ocr_line' id='line_1_29' title="bbox 300 3625 1567 3714; baseline 0.002 -22"><span class='ocrx_word' id='word_1_246' title='bbox 300 3632 408 3693; x_wconf 74' lang='grc' dir='ltr'><em>τοῦτον</em></span> <span class='ocrx_word' id='word_1_247' title='bbox 429 3627 502 3692; x_wconf 80' lang='grc' dir='ltr'><em>οὔτε</em></span> <span class='ocrx_word' id='word_1_248' title='bbox 520 3628 556 3691; x_wconf 80' lang='grc' dir='ltr'>σθ</span> <span class='ocrx_word' id='word_1_249' title='bbox 572 3626 700 3707; x_wconf 75' lang='grc' dir='ltr'><em>χρυσίον</em></span> <span class='ocrx_word' id='word_1_250' title='bbox 720 3627 955 3708; x_wconf 63' lang='lat' dir='ltr'>exstractam,</span> <span class='ocrx_word' id='word_1_251' title='bbox 980 3640 1012 3693; x_wconf 88' lang='lat' dir='ltr'>et</span> <span class='ocrx_word' id='word_1_252' title='bbox 1033 3629 1077 3695; x_wconf 84' lang='lat' dir='ltr'>aie</span> <span class='ocrx_word' id='word_1_253' title='bbox 1096 3627 1372 3714; x_wconf 71' lang='lat' dir='ltr'>Lucrattttsrecte</span> <span class='ocrx_word' id='word_1_254' title='bbox 1392 3625 1482 3696; x_wconf 81' lang='lat' dir='ltr'>dedit</span> <span class='ocrx_word' id='word_1_255' title='bbox 1563 3670 1567 3680; x_wconf 94' lang='lat'>·</span> 
     </span>
     <span class='ocr_line' id='line_1_30' title="bbox 304 3721 1479 3813; baseline 0.004 -18"><span class='ocrx_word' id='word_1_256' title='bbox 304 3730 338 3810; x_wconf 91' lang='grc' dir='ltr'>Ι,</span> <span class='ocrx_word' id='word_1_257' title='bbox 358 3734 389 3796; x_wconf 86' lang='grc'>9.</span> <span class='ocrx_word' id='word_1_258' title='bbox 418 3734 451 3795; x_wconf 90' lang='grc' dir='ltr'>ε’ν</span> <span class='ocrx_word' id='word_1_259' title='bbox 481 3735 522 3812; x_wconf 79' lang='grc' dir='ltr'>τῷ</span> <span class='ocrx_word' id='word_1_260' title='bbox 555 3734 679 3812; x_wconf 78' lang='grc' dir='ltr'><em>σάματι</em></span> <span class='ocrx_word' id='word_1_261' title='bbox 707 3734 764 3807; x_wconf 67' lang='grc' dir='ltr'>τὴν</span> <span class='ocrx_word' id='word_1_262' title='bbox 794 3730 927 3798; x_wconf 68' lang='lat' dir='ltr'>dococto</span> <span class='ocrx_word' id='word_1_263' title='bbox 958 3736 1074 3801; x_wconf 77' lang='grc' dir='ltr'><em>ἐθισθδοι</em></span> <span class='ocrx_word' id='word_1_264' title='bbox 1104 3739 1159 3798; x_wconf 75' lang='grc' dir='ltr'>τοῦ</span> <span class='ocrx_word' id='word_1_265' title='bbox 1193 3733 1263 3810; x_wconf 79' lang='grc' dir='ltr'><em>βίον</em></span> <span class='ocrx_word' id='word_1_266' title='bbox 1294 3721 1479 3813; x_wconf 75' lang='grc' dir='ltr'><em>τεθειμένος.</em></span> 
     </span>
     <span class='ocr_line' id='line_1_31' title="bbox 305 3837 1481 3928; baseline 0.007 -26"><span class='ocrx_word' id='word_1_267' title='bbox 305 3837 530 3928; x_wconf 84' lang='lat' dir='ltr'>Praeterquam</span> <span class='ocrx_word' id='word_1_268' title='bbox 561 3839 595 3903; x_wconf 90' lang='lat' dir='ltr'>in</span> <span class='ocrx_word' id='word_1_269' title='bbox 627 3838 749 3903; x_wconf 86' lang='lat' dir='ltr'>talibus.</span> <span class='ocrx_word' id='word_1_270' title='bbox 767 3837 867 3927; x_wconf 76' lang='lat' dir='ltr'>igitur</span> <span class='ocrx_word' id='word_1_271' title='bbox 889 3839 1192 3916; x_wconf 76' lang='grc' dir='ltr'><em>σεθεῖσθαιθῑῑίυἰυ</em></span> <span class='ocrx_word' id='word_1_272' title='bbox 1205 3861 1268 3910; x_wconf 90' lang='lat' dir='ltr'>uon</span> <span class='ocrx_word' id='word_1_273' title='bbox 1289 3850 1336 3906; x_wconf 91' lang='lat' dir='ltr'>est</span> <span class='ocrx_word' id='word_1_274' title='bbox 1356 3839 1389 3904; x_wconf 90' lang='lat' dir='ltr'>iu</span> <span class='ocrx_word' id='word_1_275' title='bbox 1412 3861 1481 3910; x_wconf 68' lang='lat' dir='ltr'>usta</span> 
     </span>
     <span class='ocr_line' id='line_1_32' title="bbox 303 3942 1481 4037; baseline 0.006 -28"><span class='ocrx_word' id='word_1_276' title='bbox 303 3943 418 4032; x_wconf 89' lang='lat' dir='ltr'>Itaque</span> <span class='ocrx_word' id='word_1_277' title='bbox 439 3943 643 4010; x_wconf 75' lang='lat' dir='ltr'>vehementer</span> <span class='ocrx_word' id='word_1_278' title='bbox 662 3942 787 4010; x_wconf 79' lang='lat' dir='ltr'>fallitur</span> <span class='ocrx_word' id='word_1_279' title='bbox 805 3944 1013 4012; x_wconf 79' lang='lat' dir='ltr'>Druueurrus</span> <span class='ocrx_word' id='word_1_280' title='bbox 1031 3946 1063 4011; x_wconf 92' lang='lat' dir='ltr'>in</span> <span class='ocrx_word' id='word_1_281' title='bbox 1089 3946 1307 4014; x_wconf 73' lang='lat' dir='ltr'>[induerentur</span> <span class='ocrx_word' id='word_1_282' title='bbox 1324 3971 1356 4037; x_wconf 89' lang='lat' dir='ltr'>p.</span> <span class='ocrx_word' id='word_1_283' title='bbox 1374 3949 1432 4025; x_wconf 84' lang='lat'>40,</span> <span class='ocrx_word' id='word_1_284' title='bbox 1451 3949 1481 4016; x_wconf 87' lang='lat'>1.</span> 
     </span>
     <span class='ocr_line' id='line_1_33' title="bbox 303 4047 1480 4142; baseline 0.007 -30"><span class='ocrx_word' id='word_1_285' title='bbox 303 4051 329 4116; x_wconf 79' lang='grc' dir='ltr'>εἰ</span> <span class='ocrx_word' id='word_1_286' title='bbox 356 4050 418 4130; x_wconf 74' lang='grc' dir='ltr'>μὲν</span> <span class='ocrx_word' id='word_1_287' title='bbox 439 4048 506 4130; x_wconf 71' lang='grc' dir='ltr'>περὶ</span> <span class='ocrx_word' id='word_1_288' title='bbox 538 4055 643 4115; x_wconf 78' lang='grc' dir='ltr'><em>καινοῦ</em></span> <span class='ocrx_word' id='word_1_289' title='bbox 664 4052 744 4122; x_wconf 61' lang='lat' dir='ltr'>*eruic</span> <span class='ocrx_word' id='word_1_290' title='bbox 772 4049 965 4131; x_wconf 71' lang='grc' dir='ltr'><em>πράγματος</em></span> <span class='ocrx_word' id='word_1_291' title='bbox 991 4051 1184 4142; x_wconf 71' lang='grc' dir='ltr'><em>προύτίθεσο,</em></span> <span class='ocrx_word' id='word_1_292' title='bbox 1216 4047 1237 4118; x_wconf 79' lang='grc' dir='ltr'><strong><em>ὦ</em></strong></span> <span class='ocrx_word' id='word_1_293' title='bbox 1258 4051 1365 4133; x_wconf 74' lang='grc' dir='ltr'><em>ἄνδρες</em></span> <span class='ocrx_word' id='word_1_294' title='bbox 1388 4053 1480 4128; x_wconf 53' lang='lat' dir='ltr'>&#39;Aina</span> 
     </span>
     <span class='ocr_line' id='line_1_34' title="bbox 302 4153 1479 4246; baseline 0.007 -27"><span class='ocrx_word' id='word_1_295' title='bbox 302 4158 396 4232; x_wconf 80' lang='grc' dir='ltr'><em>ναῖοι,</em></span> <span class='ocrx_word' id='word_1_296' title='bbox 420 4153 543 4230; x_wconf 74' lang='grc' dir='ltr'>λέγειν,</span> <span class='ocrx_word' id='word_1_297' title='bbox 570 4154 774 4219; x_wconf 88' lang='lat' dir='ltr'>scribendum</span> <span class='ocrx_word' id='word_1_298' title='bbox 794 4163 911 4244; x_wconf 87' lang='lat' dir='ltr'>&#39;putans</span> <span class='ocrx_word' id='word_1_299' title='bbox 936 4154 1147 4236; x_wconf 79' lang='grc' dir='ltr'>προθσέθεισο,</span> <span class='ocrx_word' id='word_1_300' title='bbox 1175 4165 1210 4222; x_wconf 88' lang='lat' dir='ltr'>ut</span> <span class='ocrx_word' id='word_1_301' title='bbox 1229 4167 1260 4220; x_wconf 87' lang='lat' dir='ltr'>et</span> <span class='ocrx_word' id='word_1_302' title='bbox 1278 4179 1313 4246; x_wconf 82' lang='lat' dir='ltr'>p.</span> <span class='ocrx_word' id='word_1_303' title='bbox 1328 4159 1429 4236; x_wconf 77' lang='lat'>1418,</span> <span class='ocrx_word' id='word_1_304' title='bbox 1450 4160 1479 4227; x_wconf 83' lang='lat' dir='ltr'>l.</span> 
     </span>
     <span class='ocr_line' id='line_1_35' title="bbox 301 4259 1479 4349; baseline 0.005 -25"><span class='ocrx_word' id='word_1_305' title='bbox 301 4281 375 4324; x_wconf 89' lang='lat' dir='ltr'>nam</span> <span class='ocrx_word' id='word_1_306' title='bbox 397 4281 500 4349; x_wconf 86' lang='lat' dir='ltr'>prope</span> <span class='ocrx_word' id='word_1_307' title='bbox 519 4259 690 4325; x_wconf 78' lang='lat' dir='ltr'>barbarum</span> <span class='ocrx_word' id='word_1_308' title='bbox 711 4260 774 4325; x_wconf 87' lang='lat' dir='ltr'>hoc</span> <span class='ocrx_word' id='word_1_309' title='bbox 792 4272 847 4326; x_wconf 89' lang='lat' dir='ltr'>est.</span> <span class='ocrx_word' id='word_1_310' title='bbox 881 4259 1023 4326; x_wconf 87' lang='lat' dir='ltr'>Seriores</span> <span class='ocrx_word' id='word_1_311' title='bbox 1043 4261 1087 4326; x_wconf 90' lang='lat' dir='ltr'>ita</span> <span class='ocrx_word' id='word_1_312' title='bbox 1105 4261 1298 4349; x_wconf 88' lang='lat' dir='ltr'>peccabant,</span> <span class='ocrx_word' id='word_1_313' title='bbox 1319 4262 1367 4328; x_wconf 88' lang='lat' dir='ltr'>illi</span> <span class='ocrx_word' id='word_1_314' title='bbox 1383 4285 1479 4330; x_wconf 87' lang='lat' dir='ltr'>uum-</span> 
     </span>
     <span class='ocr_line' id='line_1_36' title="bbox 301 4363 1479 4456; baseline 0.006 -26"><span class='ocrx_word' id='word_1_315' title='bbox 301 4368 417 4456; x_wconf 63' lang='lat' dir='ltr'>quem‘</span> <span class='ocrx_word' id='word_1_316' title='bbox 457 4363 530 4429; x_wconf 89' lang='lat' dir='ltr'>Non</span> <span class='ocrx_word' id='word_1_317' title='bbox 552 4365 775 4433; x_wconf 84' lang='lat' dir='ltr'>animadvertit</span> <span class='ocrx_word' id='word_1_318' title='bbox 794 4364 857 4432; x_wconf 91' lang='lat' dir='ltr'>hoc</span> <span class='ocrx_word' id='word_1_319' title='bbox 876 4366 1047 4434; x_wconf 78' lang='lat' dir='ltr'>Lucratus</span> <span class='ocrx_word' id='word_1_320' title='bbox 1067 4387 1169 4456; x_wconf 89' lang='lat' dir='ltr'>quum</span> <span class='ocrx_word' id='word_1_321' title='bbox 1190 4367 1341 4432; x_wconf 86' lang='lat' dir='ltr'>scriberet</span> <span class='ocrx_word' id='word_1_322' title='bbox 1369 4373 1406 4445; x_wconf 89' lang='lat'>3,</span> <span class='ocrx_word' id='word_1_323' title='bbox 1426 4372 1479 4438; x_wconf 83' lang='lat'>24.</span> 
     </span>
     <span class='ocr_line' id='line_1_37' title="bbox 302 4470 1477 4554; baseline 0.003 -15"><span class='ocrx_word' id='word_1_324' title='bbox 302 4477 366 4544; x_wconf 79' lang='grc' dir='ltr'>πῶς</span> <span class='ocrx_word' id='word_1_325' title='bbox 392 4470 455 4552; x_wconf 78' lang='grc' dir='ltr'>γάρ</span> <span class='ocrx_word' id='word_1_326' title='bbox 483 4470 538 4536; x_wconf 79' lang='grc' dir='ltr'><em>οἴει</em></span> <span class='ocrx_word' id='word_1_327' title='bbox 563 4472 624 4546; x_wconf 69' lang='grc' dir='ltr'>τὴν.</span> <span class='ocrx_word' id='word_1_328' title='bbox 644 4470 764 4554; x_wconf 70' lang='grc' dir='ltr'><em>ψυχὴν</em></span> <span class='ocrx_word' id='word_1_329' title='bbox 780 4471 989 4539; x_wconf 80' lang='grc' dir='ltr'><em>διασεθεῖσθαθ</em></span> <span class='ocrx_word' id='word_1_330' title='bbox 1016 4495 1098 4552; x_wconf 68' lang='grc' dir='ltr'>μοι..</span> <span class='ocrx_word' id='word_1_331' title='bbox 1123 4481 1179 4538; x_wconf 86' lang='lat' dir='ltr'>aut</span> <span class='ocrx_word' id='word_1_332' title='bbox 1203 4476 1263 4550; x_wconf 89' lang='grc'>32,</span> <span class='ocrx_word' id='word_1_333' title='bbox 1283 4476 1335 4539; x_wconf 88' lang='grc'>22.</span> <span class='ocrx_word' id='word_1_334' title='bbox 1358 4472 1477 4542; x_wconf 67' lang='lat' dir='ltr'>onemo</span> 
     </span>
     <span class='ocr_line' id='line_1_38' title="bbox 302 4574 1478 4658; baseline 0.008 -19"><span class='ocrx_word' id='word_1_335' title='bbox 302 4599 332 4639; x_wconf 80' lang='lat' dir='ltr'>rr</span> <span class='ocrx_word' id='word_1_336' title='bbox 351 4574 447 4654; x_wconf 79' lang='grc' dir='ltr'><em>ὄνομα</em></span> <span class='ocrx_word' id='word_1_337' title='bbox 473 4579 508 4641; x_wconf 82' lang='grc' dir='ltr'>ἐκ</span> <span class='ocrx_word' id='word_1_338' title='bbox 532 4576 642 4649; x_wconf 68' lang='lat' dir='ltr'>tirone</span> <span class='ocrx_word' id='word_1_339' title='bbox 668 4578 789 4656; x_wconf 74' lang='grc' dir='ltr'><em>αἰγείου</em></span> <span class='ocrx_word' id='word_1_340' title='bbox 811 4576 1061 4654; x_wconf 80' lang='grc' dir='ltr'><em>συντεθειμένου,</em></span> <span class='ocrx_word' id='word_1_341' title='bbox 1078 4582 1230 4658; x_wconf 65' lang='grc' dir='ltr'>Ι111130,</span> <span class='ocrx_word' id='word_1_342' title='bbox 1252 4582 1304 4644; x_wconf 91' lang='grc'>10.</span> <span class='ocrx_word' id='word_1_343' title='bbox 1329 4579 1478 4648; x_wconf 76' lang='grc' dir='ltr'><em>διατέθει-</em></span> 
     </span>
     <span class='ocr_line' id='line_1_39' title="bbox 302 4669 1478 4764; baseline 0.009 -19"><span class='ocrx_word' id='word_1_344' title='bbox 302 4703 362 4759; x_wconf 76' lang='grc' dir='ltr'>μαι</span> <span class='ocrx_word' id='word_1_345' title='bbox 390 4693 446 4747; x_wconf 85' lang='lat' dir='ltr'>aut</span> <span class='ocrx_word' id='word_1_346' title='bbox 467 4683 523 4761; x_wconf 81' lang='grc'><strong>111,</strong></span> <span class='ocrx_word' id='word_1_347' title='bbox 545 4686 574 4750; x_wconf 79' lang='grc'>5.</span> <span class='ocrx_word' id='word_1_348' title='bbox 594 4684 682 4763; x_wconf 81' lang='grc' dir='ltr'><em>μετά</em></span> <span class='ocrx_word' id='word_1_349' title='bbox 703 4689 762 4749; x_wconf 74' lang='grc' dir='ltr'>τῶν</span> <span class='ocrx_word' id='word_1_350' title='bbox 781 4683 1021 4764; x_wconf 58' lang='lat' dir='ltr'>‘restrictorem</span> <span class='ocrx_word' id='word_1_351' title='bbox 1053 4695 1085 4748; x_wconf 83' lang='lat' dir='ltr'>et</span> <span class='ocrx_word' id='word_1_352' title='bbox 1109 4669 1338 4754; x_wconf 79' lang='lat' dir='ltr'>eodemmodo</span> <span class='ocrx_word' id='word_1_353' title='bbox 1357 4682 1423 4752; x_wconf 81' lang='lat' dir='ltr'>uidi</span> <span class='ocrx_word' id='word_1_354' title='bbox 1444 4697 1478 4756; x_wconf 81' lang='lat' dir='ltr'>et</span> 
     </span>
    </p>
   </div>
   <div class='ocr_carea' id='block_1_4' title="bbox 0 0 1888 5717">
    <p class='ocr_par' dir='ltr' id='par_1_5' title="bbox 0 0 1888 5717">
     <span class='ocr_line' id='line_1_40' title="bbox 0 0 1888 5717; baseline 0 4"><span class='ocrx_word' id='word_1_355' title='bbox 0 0 1888 5717; x_wconf 95' lang='lat' dir='ltr'> </span> 
     </span>
    </p>
   </div>
  </div>
 </body>
</html>
