3767 5717
854 628 918 695 245

305 826 452 897 Graeculi
467 824 530 891 boc
546 828 676 915 quoque
690 820 876 887 nesciebant
890 832 921 887 et
935 832 1110 911 coeperunt
1124 822 1304 903 τὀοτρνάτοος
1317 837 1376 913 pro
1387 823 1481 889 sorta

302 956 361 1005 τκς
380 932 495 998 dicere.
523 929 651 1019 Insigne
668 927 762 992 huius
773 925 819 990 rei
830 926 1012 1017 exemplum
1024 924 1241 995 Scuaurrtnus
1253 927 1292 992 ad
1306 927 1478 996 Srrrnrrtr

304 1036 500 1103 Thesaurum
519 1038 628 1102 attulit
647 1059 684 1101 cx
702 1034 909 1111 lruuucuu,
929 1034 985 1122 qui
1004 1056 1060 1098 sua
1082 1034 1176 1098 rerba
1197 1032 1238 1098 de
1257 1036 1350 1100 tririo
1372 1049 1477 1102 sumta

302 1143 476 1209 admiscere
495 1142 576 1209 solet
593 1142 688 1219 locis,
715 1162 796 1230 quos
817 1162 853 1204 en
875 1139 1003 1229 optimis
1025 1139 1233 1228 scriptoribus
1253 1155 1417 1231 excerptos
1438 1142 1479 1209 ad

301 1251 520 1339 Pythagorae
548 1254 652 1313 vitam
682 1246 889 1313 enarrandam
922 1247 1099 1336 componit.
1146 1246 1251 1311 Locus
1277 1259 1324 1312 est
1345 1269 1414 1339 cap.
1439 1248 1476 1314 V.

304 1360 394 1443 §21.
419 1361 532 1434 γεῦτοω
564 1354 713 1433 ἐβούλετο
740 1359 795 1425 τῆς
823 1357 881 1416 τῶν
909 1352 1106 1430 μαθημάτων
1136 1361 1291 1426 κοολλονῆς
1317 1356 1389 1426 τοὺς
1416 1376 1480 1418 τοι·

303 1463 452 1543 τριάτοος,
489 1459 575 1548 quod
608 1470 672 1523 tam
702 1458 863 1522 abiectum
895 1470 929 1522 et
959 1458 1123 1547 plebeium
1150 1469 1198 1522 est
1221 1470 1319 1549 atque
1339 1458 1371 1522 id
1391 1459 1480 1549 quod

305 1565 389 1657 apud
409 1564 589 1629 Lucrauuu
610 1562 706 1628 homo
726 1562 839 1627 doctus
856 1572 888 1626 et
908 1562 1008 1627 salsus
1029 1562 1156 1636 irridet,
1177 1565 1235 1642 76,
1253 1572 1283 1629 5.
1306 1565 1377 1654 (qui
1395 1584 1482 1629 nunc

306 1668 473 1750 Σωκράτης
504 1670 517 1733 ί
550 1670 613 1733 άπὸ
641 1667 754 1748 Μόψου
785 1668 920 1746 dicitur,
954 1690 1013 1756 ego
1043 1690 1116 1733 curn
1146 1691 1213 1734 esse
1243 1670 1387 1760 suspicor
1415 1672 1480 1736 άτὸ

303 1774 417 1855 Μόψου
443 1773 544 1857 iriae)
575 1772 631 1862 qui
653 1794 752 1862 quum
776 1772 914 1837 audisset
935 1773 1112 1837 droantem:
1137 1774 1313 1853 τοιτρκίτης
1334 1775 1383 1841 ε’ςί
1403 1798 1480 1853 ρκοο,

304 1879 483 1971 respondit:
511 1880 676 1950 ε’λάνίοονες
703 1876 765 1959 άροο
790 1881 874 1957 ἡμεῖς
897 1878 1062 1960 βάρβκρος
1084 1879 1132 1943 ὤν.
1182 1876 1220 1942 lrr
1239 1885 1258 1966 S
1279 1883 1307 1943 4.
1331 1880 1376 1956 μη
1397 1900 1481 1959 τερο-

305 1987 368 2069 ίδης
401 1985 621 2066 άνκςρέψοντον
657 2006 764 2072 neque
796 1984 927 2072 cogitari
958 2005 1063 2073 neque
1092 1983 1157 2048 dici
1185 1994 1290 2073 potest
1315 1983 1375 2048 scd
1403 1986 1482 2049 άνοο-

306 2093 482 2173 τρίψοντος.

307 2242 314 2251 -
350 2196 388 2261 ln
409 2195 493 2260 libro
512 2200 575 2267 τῶς
601 2197 649 2261 δεῖ
668 2193 783 2275 ίςορίκν
810 2196 1011 2277 συγγράφειν
1039 2198 1098 2273 25,
1119 2198 1148 2260 7.
1173 2196 1216 2267 εἷς
1240 2194 1317 2276 ὕψος
1341 2195 1482 2277 ἑταίρου·

304 2328 372 2377 τες,
397 2304 465 2392 lege
486 2302 632 2382 κίρουτες.
668 2304 685 2386 §
710 2304 759 2365 14.
784 2299 1002 2377 Οὐολόγεσος,
1022 2322 1133 2365 rerum
1152 2323 1270 2365 nomeu
1296 2314 1344 2366 est
1363 2301 1483 2366 Οὐολά·

304 2426 426 2487 γκνοος.
459 2409 477 2491 §
501 2407 553 2470 15.
578 2404 893 2482 Ποροτηοουτολίτης,
919 2404 1072 2484 sincerior
1091 2406 1194 2470 forma
1213 2419 1260 2470 cst
1280 2416 1481 2484 Ποροτηοοτο·

304 2513 410 2589 λίτης,
446 2510 592 2599 analogia
622 2510 708 2599 apud
737 2523 857 2575 veteres
888 2512 1063 2584 constanti,
1095 2523 1130 2574 ut
1158 2511 1193 2574 in
1222 2509 1364 2587 Μεγάλη
1389 2510 1481 2582 κτίλος

305 2616 595 2697 Μεγοολοτολίτης,
627 2614 772 2678 Ἀντοοίου
794 2615 884 2687 τίλνς
909 2616 1186 2692 Ἀντωοοτολίτης,
1205 2613 1396 2694 Ἀρχάνδρου
1425 2615 1481 2679 τά·

304 2738 353 2794 λος
382 2719 703 2802 Ἀρχωνδροτολίτης,
737 2719 880 2783 Γλκάκου
912 2720 1007 2797 δῆμος
1046 2721 1296 2796 Γλκυκοδνίμοος,
1332 2720 1481 2793 [vuarato

305 2827 396 2899 κτίλος
426 2823 705 2898 Γυνοοοκοτολίτης,
731 2822 905 2903 Δράκοντος
937 2832 1025 2897 νῆσος
1056 2824 1359 2905 Δροοκοντονηοίτης,
1389 2826 1480 2901 Kottis

305 2933 387 3007 άκτνί
412 2937 627 3002 Κκλοοκτῑνος,
653 2939 686 2993 et
706 2928 768 2993 alia
788 2928 890 2993 multu
910 2929 996 3019 apud
1017 2928 1224 2995 Sruruatuu
1247 2930 1481 3010 llrzaurrtutt,

306 3038 339 3102 in
370 3035 487 3126 quibus
516 3034 646 3099 nomina
674 3034 803 3098 urbium
835 3035 921 3099 κοντοὶ
948 3034 1118 3115 τκράίεοον
1138 3036 1339 3113 scribuntur,
1362 3035 1418 3100 sed
1436 3034 1481 3099 τά

305 3142 407 3207 ε’άννκά
420 3138 517 3223 Ικοντοὶ
542 3140 690 3204 odriaco.
736 3139 885 3203 Graeculi
906 3139 1087 3228 peccabant
1108 3140 1251 3206 dicentes
1270 3141 1481 3208 Κωςκντννοοί·

303 3261 412 3320 τολνς,
444 3245 553 3334 itaque
583 3245 734 3311 admonet
754 3244 953 3311 Srururrtus
971 3269 1039 3311 esse
1060 3248 1111 3312 δύο
1133 3247 1211 3326 μίρη
1234 3245 1350 3323 λόγου,
1377 3246 1409 3309 id
1433 3258 1481 3312 est

304 3351 497 3420 Κωςοοντίνου
516 3352 606 3423 τίλνς
628 3376 695 3418 esse
712 3351 934 3430 scribendum,
956 3352 1045 3442 quod
1064 3352 1251 3418 Murruxrus
1271 3352 1378 3416 nescio
1399 3374 1482 3442 quo·

306 3455 403 3521 modo
432 3457 547 3544 passim
577 3459 735 3546 neglexit,
765 3459 850 3548 apud
874 3481 972 3547 quem
994 3470 1041 3523 est
1064 3458 1318 3531 Ἀντάοοάτολνς,
1343 3461 1482 3539 Ἀρχοιν·

305 3559 482 3643 crodmari,
506 3561 668 3635 Νεάτολος
687 3576 746 3628 etc.
772 3565 871 3629 Recte
893 3564 1064 3632 Lucmrtus
1081 3566 1182 3640 32,1.
1209 3584 1245 3626 er
1262 3563 1400 3639 Ἀβώνου
1417 3570 1484 3628 ‘rti-

305 3689 364 3746 χος
387 3664 534 3729 formarit
554 3666 836 3748 Ἀβωνοτειχίτου,
860 3679 892 3733 et
917 3651 1062 3734 nondum
1087 3668 1152 3732 illis
1174 3666 1372 3755 temporibus
1391 3666 1424 3729 in
1446 3687 1483 3729 ea

306 3794 340 3836 re
361 3782 529 3860 peccatum
549 3794 615 3836 esse
636 3773 779 3839 arbitror.
827 3781 845 3863 §
868 3779 918 3839 19.
943 3778 1017 3855 τρίς
1039 3776 1073 3839 τὸ
1099 3774 1284 3854 οοοΦίςοοτον
1311 3772 1364 3835 κονί
1389 3772 1482 3850 iuxu-

307 3876 445 3958 ρίτοοτον.
476 3876 619 3967 suspicor
647 3878 834 3959 ίτχνάτκτον
861 3902 971 3945 rerum
991 3902 1067 3946 esse.
1103 3885 1121 3968 §
1143 3882 1195 3941 22.
1221 3874 1354 3941 άτκντοο
1378 3876 1484 3939 ἐκεῖνον

306 3980 439 4071 legerim
470 3978 602 4045 άτοοντοο
634 3982 677 4046 τά
714 3986 788 4048 ἐκεῖ.
831 3991 848 4073 §
878 3990 932 4051 32.
966 3985 1120 4067 άξοίροοτοο
1151 3983 1274 4070 corrige
1300 3979 1481 4057 άξιοάίοιτοο,

307 4095 325 4177 §
347 4092 399 4153 34.
423 4108 481 4176 pro
509 4087 584 4152 άτὸ
609 4086 754 4172 Κόνωνος,
778 4091 851 4155 άπὸ
872 4091 1089 4172 Λεωτροφίδου
1116 4090 1164 4155 bis
1185 4088 1288 4153 scribe
1309 4087 1354 4150 ἐκ.
1390 4086 1484 4169 838.

305 4193 353 4260 άτο
380 4194 509 4272 ὀλέθριος
539 4191 591 4255 aa}
627 4194 756 4270 μκννκὸς
788 4193 942 4277 άνίρωτος
975 4192 1061 4269 οὗτος
1093 4192 1138 4271 ἦν.
1181 4192 1324 4260 Emenda
1344 4189 1462 4270 ὄλεθρος
1473 4236 1484 4267 ,

213 4360 215 4365 .
309 4323 374 4391 quo
405 4297 550 4363 convicio
580 4320 673 4388 saepe
702 4299 872 4366 Locutus
904 4303 1024 4381 utitur,
1062 4326 1079 4367 a
1108 4302 1330 4367 llnuusrutrtu
1360 4306 1484 4372 sumto,

308 4407 398 4471 cuius
418 4404 580 4469 notissima
601 4416 674 4468 suut
695 4404 812 4486 ίλεάρος
829 4409 996 4482 Mazabda,
1018 4407 1140 4489 ’ὄλεθρος
1160 4402 1391 4488 γροομμκτεοίς,
1411 4400 1483 4465 alla·

310 4511 462 4577 Abutitur
492 4523 598 4575 autem
627 4511 798 4577 Lucrauus
828 4536 865 4577 eo
896 4514 1072 4592 vocabulo,
1105 4515 1158 4579 cui
1187 4512 1326 4578 eundem
1355 4528 1484 4573 sensum

311 4618 422 4683 tribuit
450 4630 547 4707 atque
567 4616 726 4700 κάίκρροοο.
754 4620 913 4684 veteribus
936 4621 1021 4685 enim
1044 4620 1193 4701 κάάονρρκοο
1216 4618 1344 4693 odium,
1365 4613 1483 4696 ίλείρος

309 4734 504 4791 contemtum
521 4723 679 4814 signifieat
693 4735 726 4790 et
743 4723 862 4807 ίλείρος
879 4737 927 4799 est
946 4725 1043 4792 bomo
1064 4726 1199 4801 obscuro
1216 4737 1248 4790 et
1264 4719 1394 4789 sordido
1410 4720 1483 4786 loco
