3767 5717
978 613 1040 677 128

405 793 439 853 ct
459 783 643 873 apographa
660 784 861 867 κεχρισμέναι
892 783 1032 864 babent,
1057 786 1104 851 sic
1131 785 1324 854 quoruouu
1347 795 1379 854 et
1402 785 1475 852 aliis
1507 792 1594 854 vete·

401 911 495 970 rum,
520 890 574 956 ubi
596 891 767 974 κέχρισμαι
790 890 967 968 scribitur,
998 889 1085 958 labes
1109 889 1261 979 adspersa
1284 897 1332 957 est
1361 911 1380 956 a
1404 891 1592 972 Graeculis,

405 1005 437 1063 et
466 1003 571 1078 χρῖμα
605 997 639 1064 in
662 996 820 1082 Symposii
851 994 920 1060 loco
943 1003 976 1062 et
998 995 1075 1062 alibi
1098 993 1338 1083 reponendum,
1363 994 1448 1083 quod
1471 997 1594 1063 iterum

404 1100 528 1168 salvum
549 1101 629 1168 abiit
654 1099 740 1187 apud
763 1101 960 1167 Puruoxruuu
987 1100 1142 1166 Arunurnr
1168 1099 1222 1168 1X.
1248 1120 1278 1187 p.
1300 1104 1366 1168 409
1389 1099 1538 1184 χρόμασά
1561 1104 1593 1170 τ’

404 1206 634 1289 ἀμβροσίοδμα.
681 1205 851 1274 Caeterum
885 1204 1061 1272 discrimen
1090 1207 1176 1273 iuter
1206 1206 1367 1288 κεχρΐσόαι
1401 1214 1435 1272 et
1468 1213 1590 1290 κεχρεῑ-

350 1351 353 1356 -
403 1307 495 1391 σόαι,
519 1311 604 1399 quod
622 1312 814 1378 Purruucnus
829 1318 1060 1378 commemorat
1077 1311 1111 1376 in
1135 1310 1271 1376 Bnuunur
1292 1309 1408 1378 Aoecd.
1429 1310 1454 1384 Ι.
1476 1332 1507 1398 p.
1521 1315 1593 1390 46,

404 1417 670 1486 commenticium
690 1425 749 1484 est.
796 1416 903 1485 Unum
927 1423 1025 1501 atque
1044 1414 1130 1486 idem
1154 1415 1289 1482 verbum
1309 1423 1406 1482 estet
1428 1417 1592 1503 scriptura

405 1521 571 1605 κέχρειμαι
595 1528 628 1588 et
640 1523 835 1604 κεχρεῖσόαι,
853 1528 890 1587 ui
907 1519 1038 1603 χρεόειν,
1059 1526 1097 1585 ut
1119 1521 1303 1600 μαλκεόειν,
1321 1527 1358 1586 ut
1377 1521 1512 1600 βεινεῒν,
1534 1522 1593 1588 νεό-

403 1627 636 1711 φειν,εόλλειι,
655 1627 719 1694 alia
735 1633 906 1701 sexcenta,
932 1624 1067 1691 debetur
1082 1624 1150 1704 iis,
1174 1626 1230 1712 qui
1243 1632 1449 1693 constantem
1475 1623 1593 1713 produ·

405 1740 495 1799 etum
519 1732 565 1798 ita
591 1729 785 1797 scribebant.
832 1728 925 1816 Apud
959 1729 1114 1796 Lucnuuu
1146 1749 1272 1817 quoque
1301 1736 1363 1810 70,
1398 1734 1429 1796 2.
1462 1730 1595 1814 ἀσβόλιρ

289 1830 292 1834 ’
406 1834 607 1920 κεχρισμένον
636 1835 672 1901 ri
700 1833 859 1918 πρόσωπον
894 1833 935 1900 ad
964 1842 1109 1903 veterum
1128 1854 1240 1916 ,usum
1271 1833 1495 1923 mingendum
1522 1853 1596 1918 esse

406 1961 530 2009 censeo.

419 2081 422 2086 ·
452 2047 589 2114 Prorsus
609 2045 719 2113 eodem
740 2043 849 2125 modo,
870 2065 934 2133 quo
958 2046 992 2116 iu
1011 2046 1161 2129 κέχριμαι
1182 2043 1333 2124 vidimus,
1343 2043 1492 2114 Graeculi
1505 2063 1594 2131 gras·

408 2159 523 2218 santur
553 2153 586 2217 iu
607 2149 777 2232 κεκόνιμαι.
825 2150 866 2218 Ut
896 2151 974 2235 χρόα
997 2152 1044 2217 sie
1067 2152 1152 2218 κοιόο
1180 2149 1358 2239 penultima
1380 2149 1475 2236 longa
1499 2150 1597 2216 unice

407 2275 485 2321 vera
508 2262 540 2322 et
556 2254 655 2342 proba
675 2254 778 2323 forma
802 2264 872 2334 cst,
895 2254 982 2322 uude
996 2255 1179 2337 κεκόνιμαι,
1204 2255 1361 2333 κεκόνιτο,
1384 2255 1594 2334 κεκονιμένος,

409 2359 567 2448 quidquid
600 2359 724 2427 scribae
758 2361 958 2438 moliuntur,
989 2359 1055 2426 sola
1078 2359 1204 2452 Graeco
1218 2366 1316 2438 sunt,
1338 2367 1371 2428 et
1393 2358 1596 2442 κεκόνισμαι,

409 2464 566 2543 κεκόνιςο,
601 2466 810 2558 κεκονιαμένος
833 2485 872 2532 ex
894 2464 1056 2532 veteribus
1087 2464 1218 2552 quidem
1238 2472 1271 2530 et
1294 2463 1437 2551 probetis
1460 2465 1604 2551 scripto-v

408 2571 500 2636 ribus
511 2568 655 2656 undique
673 2578 751 2641 sunt
774 2570 874 2638 iureis
897 2569 1092 2657 expellenda.
1127 2569 1164 2637 ut
1176 2569 1334 2652 κέχρημαι
1353 2571 1403 2636 sic
1422 2567 1593 2649 κεκόννιμοιι

409 2675 547 2743 inlibris
567 2676 706 2742 servavit
722 2677 812 2743 intus
831 2675 946 2742 bonam
967 2673 1115 2750 formam.
1137 2674 1249 2756 Κονόζο
1270 2673 1351 2740 nibil
1367 2680 1439 2753 est,
1452 2693 1470 2740 a
1483 2665 1595 2740 Gram-

410 2781 540 2849 maticis
563 2779 678 2848 fiotum
703 2790 740 2848 ut
761 2782 882 2864 ἀλόζοι,
904 2781 1069 2866 ἀμφιὲζιο,
1103 2780 1256 2858 caucius,
1287 2779 1372 2861 χόα,
1395 2777 1526 2859 ἀχάζοι,
1548 2777 1597 2844 αἵ-

410 2889 546 2968 σόομαι,
569 2887 635 2952 ἀλῶ
661 2886 732 2975 (pro
760 2890 833 2970 αἱρῶ
853 2907 893 2954 ex
918 2887 1091 2966 ἀλόσκομαι
1114 2883 1311 2971 repetitum,
1335 2883 1493 2950 Gnruuuu.
1517 2882 1595 2950 Bur·

413 3013 484 3058 nnur
505 2989 622 3058 Acecd.
643 2989 668 3055 Ι.
694 2991 1018 3079 ρ.125),ἀνόνισσῶ,
1042 2992 1171 3072 tityon,
1194 2989 1352 3064 συνόάνοι,
1378 2988 1500 3071 προειδῶ
1521 2987 1593 3054 ἀντὶ

410 3102 465 3164 κοῦ
487 3101 618 3178 προνοῶ,
642 3095 789 3176 σροςιόῶ,
809 3097 941 3178 omino,
958 3093 1036 3162 hoec
1058 3093 1167 3160 omnia
1186 3101 1313 3181 praeter
1333 3100 1470 3180 quatuor
1490 3093 1595 3178 prima

412 3199 497 3267 idem
521 3199 657 3265 Buuuuur
675 3198 915 3265 Grammaticus
932 3199 1014 3266 bona
1036 3198 1098 3266 fide
1121 3218 1179 3285 pro
1202 3200 1327 3265 Graccis
1350 3195 1454 3265 affort.
1478 3198 1596 3264 Burnu-

413 3323 468 3370 ros
486 3305 555 3390 ipse
575 3304 608 3370 in
629 3303 783 3380 Isoousrrs
797 3303 922 3371 Nicoolc
941 3303 966 3394 §
990 3312 1009 3372 ὅ
1036 3324 1092 3392 pro
1114 3303 1310 3370 αἰσόάιννσαι
1328 3303 1408 3370 alias
1424 3323 1476 3370 res
1494 3322 1594 3389 agens

413 3429 453 3476 ex
482 3406 592 3474 codiee
612 3407 639 3475 G
661 3409 783 3497 recepit
806 3408 975 3477 αόσόονσαι.
1001 3408 1153 3477 niusuem
1176 3408 1297 3476 ferinae
1317 3416 1367 3475 est
1385 3409 1597 3488 διαβόνομαι,

412 3512 497 3602 qnod
515 3512 654 3580 nimium
678 3514 838 3600 patienter·
857 3514 966 3582 ferunt
990 3516 1024 3581 in
1046 3516 1208 3582 Hurouoro
1228 3514 1269 3581 11.
1296 3517 1364 3592 96,
1385 3514 1421 3578 σὺ
1444 3511 1595 3588 σκδάλιον

410 3620 462 3687 διά
482 3629 539 3697 σῆς
561 3619 681 3703 τρόπιος
705 3618 886 3698 διαβύνεται
911 3641 969 3708 pro
988 3621 1206 3701 dicticinium,
1225 3637 1364 3706 namque
1384 3619 1418 3684 in
1442 3637 1504 3686 usu
1527 3625 1597 3686 erut
1625 3664 1631 3672 ·

411 3725 615 3806 βιννῶ,βόσιο
628 3723 768 3804 ,ἔβνοα,
782 3725 959 3806 βέβνσμαι,
982 3725 1066 3792 unde
1079 3726 1179 3809 βόζνιν
1196 3725 1266 3815 (pro
1284 3722 1427 3812 βόσδκν),
1450 3730 1486 3790 ut
1507 3729 1595 3800 κννῶ,

409 3833 515 3910 κόσα,
537 3829 645 3898 ἔκνοα.
690 3829 939 3918 Lexieographis
961 3829 1120 3899 debentur
1147 3829 1268 3897 formae
1291 3828 1511 3914 ἀναδάζομαι,
1529 3827 1596 3900 δια-

408 3936 542 4019 δάζομαι
579 3933 675 4001 simii.
711 3954 769 4022 pro
797 3935 915 4022 quibus
940 3936 1050 4003 Graeci
1071 3937 1260 4016 ἀναδαόομαι
1284 3943 1344 4002 oet.
1370 3931 1536 4011 dicebant,
1557 3937 1596 3999 ut

409 4043 444 4108 in
468 4038 605 4108 bruculo
625 4038 711 4127 opud
727 4039 848 4108 'Hauon
870 4041 923 4108 IV.
939 4045 1020 4107 tue:

543 4142 575 4220 ός
598 4145 631 4211 δὲ
655 4169 707 4211 κεν
731 4147 762 4220 ἐς
786 4145 910 4225 Λιβόνν
934 4147 1126 4228 πολυήρατον
1151 4144 1252 4229 ὕςερον
1272 4145 1344 4230 iude

148 4288 150 4335 t
415 4288 420 4296 ·
542 4254 607 4330 χάς
630 4251 856 4331 ἀναδαιομένας
879 4250 965 4331 μεν-ἀ
988 4247 1020 4316 οἵ
1037 4250 1121 4318 σοκά
1143 4257 1231 4336 Φαμι
1255 4252 1413 4332 μελήσειν.
1462 4247 1465 4254 ’

406 4357 463 4425 ubi
494 4356 620 4442 corrige
642 4357 770 4435 Λιβύαν
798 4363 830 4422 et
850 4365 1021 4436 μελκσεῖν,
1038 4358 1182 4444 'numque
1211 4357 1349 4440 δαρόσδεν
1372 4354 1529 4431 ποτέοικε,
1547 4351 1595 4418 δο-

148 4348 151 4565 i
406 4470 470 4542 κά,
493 4470 558 4537 τοῖς
589 4462 766 4545 Δαριέεσοι.
813 4459 928 4532 lisdem
951 4463 1120 4539 ἀναπλάόοι
1143 4469 1312 4550 acceptum
1337 4459 1509 4528 referimus
1537 4473 1595 4543 pro

148 4572 151 4731 ι
403 4569 635 4661 ἀνασόμσλκμι
653 4565 771 4634 etalio
790 4583 807 4630 e
828 4562 934 4632 iallaei
946 4565 1216 4653 analogiacontra
1234 4583 1339 4634 usum
1357 4563 1485 4634 dicendi
1502 4561 1596 4638 uota,

148 4736 149 4784 1
406 4673 438 4740 in
462 4692 527 4760 qua
547 4693 583 4741 rc
612 4671 798 4760 saepissime
822 4669 933 4746 Graeci
952 4675 1115 4762 nequiores
1139 4673 1335 4760 impingunt.
1371 4672 1488 4739 Forma
1511 4669 1598 4746 ἀλῶ,
