3767 5717
828 638 870 702 99

268 809 363 879 liceat
385 828 624 897 nonnumquam
656 811 847 898 exspatiari,
883 812 910 878 si
937 812 1016 899 qnid
1040 812 1245 881 memorabile
1268 835 1306 882 ex
1323 815 1452 903 propin·

268 939 331 1005 quo
354 917 543 993 obiiciatur,
574 915 680 981 dicam
702 916 805 1002 igitur
825 917 943 1004 quibus
966 917 1070 984 modis
1092 918 1173 984 bona
1197 939 1271 1006 pars
1295 921 1453 1009 exemplo·

266 1043 363 1102 rum,
386 1041 449 1109 quo
469 1019 535 1088 solo
551 1021 710 1107 praesidio
730 1030 885 1100 utuntur,
909 1023 1102 1090 adversariis
1128 1026 1229 1111 possit
1250 1028 1454 1114 extorqueri,

266 1136 302 1194 ut
319 1126 450 1207 tandem
474 1126 572 1192 veluti
597 1127 698 1213 copiis
721 1128 789 1193 suis
816 1127 896 1194 lusis
923 1128 1105 1215 fugatisque
1127 1127 1321 1196 deditionem
1346 1131 1451 1200 lacere

264 1231 364 1299 velint
393 1240 425 1298 et
460 1232 579 1297 saniori
613 1232 766 1299 scientiae
802 1252 918 1299 manus
949 1233 1035 1299 dare.
1093 1233 1231 1301 Librarii
1265 1233 1449 1304 futurorum

263 1336 383 1402 formas
417 1343 550 1402 vertunt
575 1337 607 1401 in
642 1338 778 1404 aoristos
813 1346 878 1404 tam
911 1336 1025 1403 stolida
1059 1341 1239 1406 constantia
1264 1347 1302 1405 ut
1326 1339 1451 1408 nullum

265 1441 501 1507 barbarismum
537 1439 747 1508 reformident
776 1442 826 1510 vel
858 1450 1042 1528 agnoscant.
1100 1445 1356 1513 llnnsrnnuostuu
1383 1445 1451 1513 dlxi

266 1546 300 1610 in
333 1545 420 1611 clara
450 1544 522 1612 luce
557 1544 722 1624 dubitare,
745 1548 823 1633 qnia
846 1567 887 1613 ne
912 1549 1235 1628 ονγκαταβιάεαπίαι
1267 1549 1397 1636 quidem
1418 1559 1451 1618 et

265 1649 479 1734 προοάξαοίαι
499 1669 572 1716 cum
598 1660 834 1737 permoverunt.
865 1652 1004 1719 lstarum
1028 1653 1204 1720 formarum
1221 1674 1338 1740 magna
1361 1656 1451 1742 eopia

265 1758 367 1825 estin
402 1756 493 1822 libris
524 1755 674 1842 seriptis,
706 1775 786 1842 quas
814 1758 929 1826 Editor
952 1760 1085 1847 quilibet
1113 1757 1244 1826 abiicit:
1280 1759 1374 1846 quale
1402 1768 1452 1828 est

263 1862 349 1950 apud
379 1862 603 1929 Deuosrnenru
635 1881 665 1947 p.
689 1866 768 1938 181,
791 1868 824 1930 9.
849 1871 914 1938 πῶς
937 1867 999 1947 χρὴ
1028 1865 1197 1947 προσδοκᾶν
1220 1887 1291 1934 τινα
1315 1867 1450 1934 inenod-

263 1971 393 2044 πενίαν,
418 1968 451 2033 in
472 1967 605 2051 antiquo
630 1965 788 2033 Marcione
815 1976 864 2034 est
892 1970 1127 2036 ὑπακούσατίαι
1146 1974 1177 2034 el
1194 1969 1384 2055 quisquilias
1408 1973 1449 2039 is·

263 2072 417 2140 tiusmodi
437 2071 546 2138 nullus
568 2091 629 2136 non
648 2073 789 2158 scriptus
814 2073 894 2140 liber
914 2075 1033 2142 mullas
1056 2075 1209 2140 continet.
1256 2074 1323 2141 Non
1348 2076 1450 2144 aliun·

261 2178 302 2247 de
328 2177 541 2266 explicabitur
560 2176 718 2263 quomodo
744 2179 808 2245 isla
831 2179 995 2248 barbaries
1023 2188 1087 2246 lam
1117 2197 1210 2266 saepe
1234 2181 1321 2246 nasci
1341 2191 1451 2270 potua·

261 2285 323 2363 rit,
347 2282 554 2350 nisiscribas
581 2283 778 2352 intellexeris
800 2285 833 2350 in
861 2285 911 2352 bis
939 2284 1053 2352 lormis
1072 2304 1110 2350 eo
1129 2283 1244 2362 modo,
1276 2305 1340 2372 quo
1364 2287 1450 2367 dixi,

262 2389 394 2456 turbare
421 2389 534 2456 solere.
592 2391 726 2456 Perraro
757 2409 814 2476 pro
840 2392 958 2456 aoristo
983 2389 1130 2456 futurum
1152 2390 1312 2478 subrepit,
1336 2401 1449 2460 contra

261 2494 530 2581 lrequenlissime.
555 2496 662 2562 Etiam
683 2493 771 2560 aliud
784 2502 833 2560 est
845 2494 989 2561 eiusdem
1013 2493 1135 2560 fraudis
1154 2494 1311 2564 indicium
1324 2547 1333 2576 ,
1345 2517 1447 2585 quum

262 2595 374 2664 aoristi
395 2607 429 2664 et
448 2598 558 2665 lutura
570 2599 653 2665 male
669 2606 702 2664 et
723 2607 926 2685 praepostere
948 2598 1207 2684 copulantur‚ut
1225 2601 1258 2666 in
1273 2603 1447 2668 Tnuexomr

262 2701 315 2768 IV.
334 2707 388 2768 bb.
412 2704 560 2769 caederer
583 2705 635 2769 καί
654 2703 872 2784 χειρώσασθαι.
897 2703 950 2768 Vl.
970 2708 1023 2768 nl.
1048 2702 1138 2769 οίσειν
1157 2704 1209 2770 καί
1230 2708 1447 2787 προσκτήσασ-

263 2810 323 2874 ίκι.
370 2807 457 2874 ldem
475 2828 577 2894 genus
599 2809 670 2873 vitii
687 2815 736 2874 est
756 2805 875 2872 ibidem
901 2807 955 2874 vl.
978 2811 1031 2872 ln.
1053 2808 1223 2890 ίρμιείοίοοί
1241 2835 1276 2876 τε
1298 2812 1350 2878 καί
1374 2837 1446 2895 τρα-

261 2914 488 2980 τοπεδειίεοίαι.
525 2913 607 2980 vllt.
632 2919 683 2980 75.
721 2911 865 2990 πολέμιοί
889 2936 926 2978 τε
956 2911 1078 2979 ἔπεσθαι
1108 2915 1162 2980 καί
1194 2915 1277 2982 οὐδὲν
1307 2918 1448 3001 ε’πικνρο·

261 3019 402 3085 estserae
426 3027 544 3104 eiquo
571 3018 650 3083 nihil
674 3017 798 3083 foedius
818 3016 884 3083 vidi
906 3018 990 3085 VIII.
1014 3025 1044 3085 ὅ.
1070 3019 1189 3102 ίνίμιζε
1209 3023 1381 3100 κομιεῖσθαι
1401 3061 1447 3074 ·-

259 3123 311 3189 καί
332 3124 467 3201 ποινίπειν
492 3123 543 3190 καί
562 3122 720 3205 Ἀκίογκν
740 3161 785 3172 -
805 3122 823 3200 ἢ
842 3121 942 3204 ζῶντα
960 3121 1047 3200 ἄξειν
1070 3128 1088 3203 ἢ
1111 3126 1392 3207 ἀποκτείνειν,
1417 3132 1445 3196 si

259 3229 331 3316 quis
364 3230 398 3294 in
431 3228 615 3295 huiusmodi
648 3229 717 3296 loco
755 3228 941 3297 admonitus
973 3250 1038 3296 non
1067 3233 1185 3300 sentiet
1220 3253 1239 3298 a
1268 3233 1444 3302 'luunrnme

259 3337 439 3402 ἀποκτενεῖν
462 3334 619 3421 scriplum
639 3354 728 3413 esse,
747 3354 822 3401 eum
844 3353 881 3401 eo
904 3334 945 3402 de
964 3335 1038 3402 aliie
1049 3336 1145 3404 rebus
1168 3337 1365 3424 quibuslibet
1377 3359 1443 3406 ma·

259 3440 315 3506 lim
340 3438 497 3526 quamde
527 3459 562 3505 re
589 3441 802 3524 grammatica
830 3447 887 3508 aut
909 3442 1024 3509 critica
1044 3441 1232 3529 disceptare.
1269 3442 1443 3511 Sciendum

259 3554 367 3611 autem
392 3551 441 3610 est
470 3563 507 3609 ex
540 3543 710 3630 permultis
735 3544 905 3612 (lodicibus
933 3566 1088 3632 apparere
1110 3545 1258 3615 librarios
1282 3549 1451 3622 incertum

258 3671 322 3737 qna
346 3648 385 3714 de
401 3667 499 3714 cansa
517 3649 550 3713 in
574 3648 680 3714 verbis
699 3648 865 3735 liquidalis
886 3649 1033 3716 futurum
1059 3651 1091 3719 in
1112 3653 1290 3738 praesentis
1308 3652 1444 3722 lormam

258 3754 415 3840 refingere
427 3761 460 3819 ct
475 3753 650 3839 depravare
667 3753 783 3820 solere:
796 3753 899 3820 sicubi
915 3755 1069 3838 ἀποφανῶ
1084 3756 1272 3843 requiritur,
1289 3774 1444 3845 apparere

257 3859 338 3928 solet
362 3859 547 3940 ἀποφαίνω,
580 3878 638 3944 pro
660 3865 740 3930 ςενιά
768 3858 887 3935 τέλεια,
910 3878 968 3944 pro
990 3860 1088 3942 φίερῶ
1107 3863 1240 3945 φίείρα,
1264 3882 1322 3949 pro
1344 3871 1440 3930 κτενῶ

256 3965 382 4044 κτείνω,
403 3964 482 4030 satis
505 3971 690 4032 constanter
708 3965 790 4044 μένα
814 3982 872 4051 pro
891 3972 994 4045 μενῶ,
1024 3964 1109 4032 idem
1131 3966 1164 4032 in
1193 3967 1265 4032 aliis
1285 3969 1441 4055 conspici-

256 4082 322 4138 tur.
369 4069 405 4136 In
433 4069 583 4134 Petronis
603 4069 768 4136 Phaedone
798 4088 828 4156 p.
853 4074 916 4136 116
939 4090 968 4138 o.
1001 4091 1057 4158 pro
1079 4069 1167 4149 ἦοίεν
1197 4074 1369 4153 ἀγγέλλων
1391 4095 1440 4142 rc-

255 4179 339 4245 titue
366 4178 527 4256 ἀγγελῶν.
575 4173 611 4240 ln
636 4175 807 4241 Tuoornme
830 4175 884 4240 tv.
915 4180 990 4243 127.
1015 4197 1072 4264 pro
1094 4178 1277 4263 διαφθείρειν
1299 4180 1440 4248 rescribe

252 4284 435 4367 διαφθερεῖν..
458 4279 603 4346 Emendat
630 4279 759 4347 breuem
783 4280 1026 4372 Leoereleern§
1051 4287 1114 4349 rto
1136 4285 1328 4352 ἀποκτείνειν
1345 4288 1443 4352 ποιοί·

254 4413 355 4470 μοοαν
379 4396 411 4454 et
438 4391 511 4452 127.
546 4383 760 4464 διομωμόκατε
789 4386 927 4453 κτείνειν.
976 4387 1087 4454 Istron
1118 4387 1171 4455 lX.
1197 4394 1252 4457 50.
1277 4389 1439 4469 ἐπηγγέλ-

252 4510 325 4561 λετο
348 4493 544 4577 ἀποφαίνειν.
571 4490 607 4557 V.
630 4496 683 4556 b'l.
711 4490 918 4571 ὡμολόγησαν
942 4494 1087 4573 ἐμμένειν
1117 4503 1149 4560 et
1174 4498 1227 4561 55.
1252 4495 1438 4576 ίρκάοαντεε

253 4599 274 4677 ἦ
292 4603 352 4680 μὴν
371 4599 514 4681 ἐμμένειν
534 4605 566 4662 et
590 4601 632 4662 55
649 4595 718 4677 lege
740 4599 779 4670 eie
803 4599 863 4677 ἐγὼ
883 4599 1036 4681 ἀποφανῶ
1061 4619 1118 4685 pro
1138 4599 1312 4683 ἀποφαίνω.
1345 4599 1439 4686 Apud

186 4724 189 4733 ·
252 4705 475 4772 Ilenosrnennn
506 4705 579 4786 πρὸς
610 4703 782 4770 Φαίνιππον
816 4723 887 4789 pag.
920 4709 1004 4770 1044
1036 4722 1096 4770 non
1121 4712 1247 4805 tantum
1282 4705 1439 4812 pollenter
