<?xml version="1.0" encoding="UTF-8"?>
<!DOCTYPE html PUBLIC "-//W3C//DTD XHTML 1.0 Transitional//EN"
    "http://www.w3.org/TR/xhtml1/DTD/xhtml1-transitional.dtd">
<html xmlns="http://www.w3.org/1999/xhtml" xml:lang="en" lang="en">
 <head>
  <title>
</title>
<meta http-equiv="Content-Type" content="text/html;charset=utf-8" />
  <meta name='ocr-system' content='tesseract 3.04.00' />
  <meta name='ocr-capabilities' content='ocr_page ocr_carea ocr_par ocr_line ocrx_word'/>
</head>
<body>
  <div class='ocr_page' id='page_1' title='image "./variaelectiones02cobegoog_0183.png"; bbox 0 0 3767 5717; ppageno 0'>
   <div class='ocr_carea' id='block_1_1' title="bbox 851 596 913 659">
    <p class='ocr_par' dir='ltr' id='par_1_1' title="bbox 851 596 913 659">
     <span class='ocr_line' id='line_1_1' title="bbox 851 596 913 659; baseline 0 0"><span class='ocrx_word' id='word_1_1' title='bbox 851 596 913 659; x_wconf 82' lang='grc'><strong>169</strong></span> 
     </span>
    </p>
   </div>
   <div class='ocr_carea' id='block_1_2' title="bbox 743 830 1011 905">
    <p class='ocr_par' dir='ltr' id='par_1_2' title="bbox 743 830 1011 905">
     <span class='ocr_line' id='line_1_2' title="bbox 743 830 1011 905; baseline -0.004 -1"><span class='ocrx_word' id='word_1_2' title='bbox 743 833 910 905; x_wconf 79' lang='lat' dir='ltr'><strong>CAPUT</strong></span> <span class='ocrx_word' id='word_1_3' title='bbox 945 830 1011 904; x_wconf 84' lang='lat' dir='ltr'><strong>Vll.</strong></span> 
     </span>
    </p>
   </div>
   <div class='ocr_carea' id='block_1_3' title="bbox 289 1086 1460 1291">
    <p class='ocr_par' dir='ltr' id='par_1_3' title="bbox 289 1086 1460 1291">
     <span class='ocr_line' id='line_1_3' title="bbox 333 1086 1460 1183; baseline 0.004 -24"><span class='ocrx_word' id='word_1_4' title='bbox 333 1086 486 1183; x_wconf 84' lang='lat' dir='ltr'><strong>Deposita</strong></span> <span class='ocrx_word' id='word_1_5' title='bbox 505 1090 667 1181; x_wconf 83' lang='lat' dir='ltr'><strong>paulisper</strong></span> <span class='ocrx_word' id='word_1_6' title='bbox 685 1112 722 1155; x_wconf 87' lang='lat' dir='ltr'><strong>er</strong></span> <span class='ocrx_word' id='word_1_7' title='bbox 742 1089 888 1163; x_wconf 87' lang='lat' dir='ltr'><strong>manibus</strong></span> <span class='ocrx_word' id='word_1_8' title='bbox 904 1090 1071 1172; x_wconf 74' lang='grc'><strong>10011110,</strong></span> <span class='ocrx_word' id='word_1_9' title='bbox 1089 1113 1108 1157; x_wconf 87' lang='grc'><strong>0</strong></span> <span class='ocrx_word' id='word_1_10' title='bbox 1127 1092 1238 1159; x_wconf 86' lang='lat' dir='ltr'><strong>codice</strong></span> <span class='ocrx_word' id='word_1_11' title='bbox 1249 1094 1460 1179; x_wconf 69' lang='lat' dir='ltr'><strong>Florentino,</strong></span> 
     </span>
     <span class='ocr_line' id='line_1_4' title="bbox 289 1196 1459 1291; baseline 0.003 -26"><span class='ocrx_word' id='word_1_12' title='bbox 289 1222 354 1291; x_wconf 84' lang='lat' dir='ltr'><strong>quo</strong></span> <span class='ocrx_word' id='word_1_13' title='bbox 382 1208 509 1288; x_wconf 87' lang='lat' dir='ltr'><strong>praeter</strong></span> <span class='ocrx_word' id='word_1_14' title='bbox 539 1196 600 1261; x_wconf 92' lang='lat' dir='ltr'><strong>alia</strong></span> <span class='ocrx_word' id='word_1_15' title='bbox 630 1196 731 1261; x_wconf 90' lang='lat' dir='ltr'><strong>multa</strong></span> <span class='ocrx_word' id='word_1_16' title='bbox 760 1197 967 1268; x_wconf 81' lang='lat' dir='ltr'><strong>continentur</strong></span> <span class='ocrx_word' id='word_1_17' title='bbox 995 1198 1116 1263; x_wconf 84' lang='lat' dir='ltr'><strong>llrotici</strong></span> <span class='ocrx_word' id='word_1_18' title='bbox 1144 1212 1177 1263; x_wconf 89' lang='lat' dir='ltr'><strong>et</strong></span> <span class='ocrx_word' id='word_1_19' title='bbox 1202 1200 1236 1265; x_wconf 90' lang='lat' dir='ltr'><strong>in</strong></span> <span class='ocrx_word' id='word_1_20' title='bbox 1257 1199 1306 1266; x_wconf 90' lang='lat' dir='ltr'><strong>his</strong></span> <span class='ocrx_word' id='word_1_21' title='bbox 1327 1203 1459 1270; x_wconf 90' lang='lat' dir='ltr'><strong>unicum</strong></span> 
     </span>
    </p>
   </div>
   <div class='ocr_carea' id='block_1_4' title="bbox 286 1301 1575 1398">
    <p class='ocr_par' dir='ltr' id='par_1_4' title="bbox 286 1301 1575 1398">
     <span class='ocr_line' id='line_1_5' title="bbox 286 1301 1575 1398; baseline 0.005 -27"><span class='ocrx_word' id='word_1_22' title='bbox 286 1304 470 1394; x_wconf 82' lang='lat' dir='ltr'><strong>exemplum</strong></span> <span class='ocrx_word' id='word_1_23' title='bbox 508 1301 713 1369; x_wconf 80' lang='lat' dir='ltr'><strong>Ouanrronrs</strong></span> <span class='ocrx_word' id='word_1_24' title='bbox 741 1314 772 1367; x_wconf 88' lang='lat' dir='ltr'><strong>et</strong></span> <span class='ocrx_word' id='word_1_25' title='bbox 805 1302 1040 1369; x_wconf 82' lang='lat' dir='ltr'><strong>Xanornonrrs</strong></span> <span class='ocrx_word' id='word_1_26' title='bbox 1069 1306 1208 1372; x_wconf 78' lang='lat' dir='ltr'><strong>Ennnsn</strong></span> <span class='ocrx_word' id='word_1_27' title='bbox 1243 1320 1275 1372; x_wconf 85' lang='lat' dir='ltr'><strong>et</strong></span> <span class='ocrx_word' id='word_1_28' title='bbox 1303 1310 1460 1398; x_wconf 76' lang='lat' dir='ltr'><strong>particula</strong></span> <span class='ocrx_word' id='word_1_29' title='bbox 1566 1316 1575 1331; x_wconf 89' lang='grc'><em>“</em></span> 
     </span>
    </p>
   </div>
   <div class='ocr_carea' id='block_1_5' title="bbox 235 1408 1487 2661">
    <p class='ocr_par' dir='ltr' id='par_1_5' title="bbox 287 1408 1463 1928">
     <span class='ocr_line' id='line_1_6' title="bbox 287 1408 1460 1503; baseline 0.003 -26"><span class='ocrx_word' id='word_1_30' title='bbox 287 1411 446 1503; x_wconf 82' lang='lat' dir='ltr'>quaedam</span> <span class='ocrx_word' id='word_1_31' title='bbox 474 1433 491 1474; x_wconf 88' lang='lat' dir='ltr'><strong>e</strong></span> <span class='ocrx_word' id='word_1_32' title='bbox 522 1408 890 1498; x_wconf 24' lang='lat' dir='ltr'><strong>LodcltPastoralr&#39;buo</strong></span> <span class='ocrx_word' id='word_1_33' title='bbox 918 1409 952 1473; x_wconf 90' lang='lat' dir='ltr'><strong>in</strong></span> <span class='ocrx_word' id='word_1_34' title='bbox 981 1413 1112 1477; x_wconf 89' lang='lat' dir='ltr'><strong>caeteris</strong></span> <span class='ocrx_word' id='word_1_35' title='bbox 1133 1412 1307 1479; x_wconf 73' lang='lat' dir='ltr'><strong>codicibus</strong></span> <span class='ocrx_word' id='word_1_36' title='bbox 1326 1416 1460 1495; x_wconf 90' lang='lat' dir='ltr'><strong>omissa,</strong></span> 
     </span>
     <span class='ocr_line' id='line_1_7' title="bbox 287 1503 1460 1608; baseline 0.003 -27"><span class='ocrx_word' id='word_1_37' title='bbox 287 1520 376 1583; x_wconf 76' lang='lat' dir='ltr'><strong>iuvat</strong></span> <span class='ocrx_word' id='word_1_38' title='bbox 404 1503 589 1605; x_wconf 77' lang='lat' dir='ltr'><strong>eipromera</strong></span> <span class='ocrx_word' id='word_1_39' title='bbox 617 1514 789 1592; x_wconf 92' lang='lat' dir='ltr'><strong>nonnulla,</strong></span> <span class='ocrx_word' id='word_1_40' title='bbox 820 1513 906 1579; x_wconf 91' lang='lat' dir='ltr'><strong>unde</strong></span> <span class='ocrx_word' id='word_1_41' title='bbox 927 1528 1078 1605; x_wconf 76' lang='lat' dir='ltr'>appareat</span> <span class='ocrx_word' id='word_1_42' title='bbox 1100 1539 1169 1596; x_wconf 89' lang='lat' dir='ltr'><strong>eos,</strong></span> <span class='ocrx_word' id='word_1_43' title='bbox 1199 1519 1255 1607; x_wconf 90' lang='lat' dir='ltr'><strong>qui</strong></span> <span class='ocrx_word' id='word_1_44' title='bbox 1275 1531 1347 1608; x_wconf 89' lang='lat' dir='ltr'><strong>post</strong></span> <span class='ocrx_word' id='word_1_45' title='bbox 1368 1543 1460 1585; x_wconf 86' lang='lat' dir='ltr'><strong>rena·</strong></span> 
     </span>
     <span class='ocr_line' id='line_1_8' title="bbox 288 1618 1463 1707; baseline 0.006 -23"><span class='ocrx_word' id='word_1_46' title='bbox 288 1632 334 1686; x_wconf 89' lang='lat' dir='ltr'><strong>tas</strong></span> <span class='ocrx_word' id='word_1_47' title='bbox 368 1621 488 1685; x_wconf 84' lang='lat' dir='ltr'>litteras</span> <span class='ocrx_word' id='word_1_48' title='bbox 516 1620 692 1686; x_wconf 81' lang='lat' dir='ltr'><strong>doctissimi</strong></span> <span class='ocrx_word' id='word_1_49' title='bbox 717 1618 862 1685; x_wconf 87' lang='lat' dir='ltr'><strong>homiues</strong></span> <span class='ocrx_word' id='word_1_50' title='bbox 894 1618 1027 1687; x_wconf 82' lang='lat' dir='ltr'><strong>Codices</strong></span> <span class='ocrx_word' id='word_1_51' title='bbox 1059 1622 1195 1688; x_wconf 85' lang='lat' dir='ltr'><strong>Graecos</strong></span> <span class='ocrx_word' id='word_1_52' title='bbox 1225 1623 1463 1707; x_wconf 80' lang='lat' dir='ltr'><strong>describerent,</strong></span> 
     </span>
     <span class='ocr_line' id='line_1_9' title="bbox 289 1724 1460 1817; baseline 0.005 -25"><span class='ocrx_word' id='word_1_53' title='bbox 289 1725 426 1792; x_wconf 87' lang='lat' dir='ltr'><strong>subinde</strong></span> <span class='ocrx_word' id='word_1_54' title='bbox 454 1727 556 1792; x_wconf 88' lang='lat' dir='ltr'><strong>multa</strong></span> <span class='ocrx_word' id='word_1_55' title='bbox 585 1726 628 1791; x_wconf 90' lang='lat' dir='ltr'><strong>ita</strong></span> <span class='ocrx_word' id='word_1_56' title='bbox 657 1726 770 1815; x_wconf 79' lang='lat' dir='ltr'><strong>legisse</strong></span> <span class='ocrx_word' id='word_1_57' title='bbox 796 1738 828 1791; x_wconf 87' lang='lat' dir='ltr'><strong>et</strong></span> <span class='ocrx_word' id='word_1_58' title='bbox 859 1724 1075 1817; x_wconf 79' lang='lat' dir='ltr'><strong>descripsisse,</strong></span> <span class='ocrx_word' id='word_1_59' title='bbox 1108 1740 1145 1792; x_wconf 89' lang='lat' dir='ltr'><strong>ut</strong></span> <span class='ocrx_word' id='word_1_60' title='bbox 1174 1741 1295 1795; x_wconf 77' lang='lat' dir='ltr'><strong>veteres</strong></span> <span class='ocrx_word' id='word_1_61' title='bbox 1319 1731 1460 1813; x_wconf 89' lang='lat' dir='ltr'><strong>librarii,</strong></span> 
     </span>
     <span class='ocr_line' id='line_1_10' title="bbox 287 1830 1315 1928; baseline 0.006 -33"><span class='ocrx_word' id='word_1_62' title='bbox 287 1854 368 1922; x_wconf 89' lang='lat' dir='ltr'><strong>quos</strong></span> <span class='ocrx_word' id='word_1_63' title='bbox 387 1831 505 1897; x_wconf 87' lang='lat' dir='ltr'><strong>rodunt</strong></span> <span class='ocrx_word' id='word_1_64' title='bbox 526 1854 652 1910; x_wconf 88' lang='lat' dir='ltr'><strong>omnes,</strong></span> <span class='ocrx_word' id='word_1_65' title='bbox 676 1854 751 1921; x_wconf 86' lang='lat' dir='ltr'><strong>prae</strong></span> <span class='ocrx_word' id='word_1_66' title='bbox 770 1831 835 1897; x_wconf 87' lang='lat' dir='ltr'><strong>illis</strong></span> <span class='ocrx_word' id='word_1_67' title='bbox 859 1830 947 1897; x_wconf 90' lang='lat' dir='ltr'><strong>docti</strong></span> <span class='ocrx_word' id='word_1_68' title='bbox 971 1845 1005 1928; x_wconf 78' lang='lat' dir='ltr'><strong>et</strong></span> <span class='ocrx_word' id='word_1_69' title='bbox 1027 1832 1113 1899; x_wconf 91' lang='lat' dir='ltr'><strong>acuti</strong></span> <span class='ocrx_word' id='word_1_70' title='bbox 1138 1834 1315 1901; x_wconf 84' lang='lat' dir='ltr'><strong>rideantur.</strong></span> 
     </span>
    </p>

    <p class='ocr_par' dir='ltr' id='par_1_6' title="bbox 235 1936 1487 2661">
     <span class='ocr_line' id='line_1_11' title="bbox 331 1936 1458 2032; baseline 0.005 -29"><span class='ocrx_word' id='word_1_71' title='bbox 331 1936 434 2026; x_wconf 86' lang='lat' dir='ltr'><strong>Saepe</strong></span> <span class='ocrx_word' id='word_1_72' title='bbox 463 1936 585 2003; x_wconf 81' lang='lat' dir='ltr'><strong>iuvabit</strong></span> <span class='ocrx_word' id='word_1_73' title='bbox 615 1936 800 2003; x_wconf 91' lang='lat' dir='ltr'><strong>huiusmodi</strong></span> <span class='ocrx_word' id='word_1_74' title='bbox 829 1938 973 2026; x_wconf 80' lang='lat' dir='ltr'><strong>exempla</strong></span> <span class='ocrx_word' id='word_1_75' title='bbox 1000 1938 1200 2019; x_wconf 87' lang='lat' dir='ltr'><strong>meminisse,</strong></span> <span class='ocrx_word' id='word_1_76' title='bbox 1230 1941 1287 2006; x_wconf 93' lang='lat' dir='ltr'><strong>ubi</strong></span> <span class='ocrx_word' id='word_1_77' title='bbox 1308 1944 1380 2032; x_wconf 86' lang='lat' dir='ltr'><strong>quis</strong></span> <span class='ocrx_word' id='word_1_78' title='bbox 1399 1944 1458 2009; x_wconf 89' lang='lat' dir='ltr'><strong>ab·</strong></span> 
     </span>
     <span class='ocr_line' id='line_1_12' title="bbox 286 2042 1458 2138; baseline 0.005 -29"><span class='ocrx_word' id='word_1_79' title='bbox 286 2043 395 2109; x_wconf 89' lang='lat' dir='ltr'><strong>surdas</strong></span> <span class='ocrx_word' id='word_1_80' title='bbox 421 2042 575 2107; x_wconf 86' lang='lat' dir='ltr'><strong>lectiones</strong></span> <span class='ocrx_word' id='word_1_81' title='bbox 605 2055 780 2132; x_wconf 89' lang='lat' dir='ltr'><strong>utcumque</strong></span> <span class='ocrx_word' id='word_1_82' title='bbox 810 2044 967 2133; x_wconf 80' lang='lat' dir='ltr'><strong>explicare</strong></span> <span class='ocrx_word' id='word_1_83' title='bbox 996 2058 1030 2111; x_wconf 87' lang='lat' dir='ltr'><strong>et</strong></span> <span class='ocrx_word' id='word_1_84' title='bbox 1058 2048 1141 2112; x_wconf 92' lang='lat' dir='ltr'><strong>tueri</strong></span> <span class='ocrx_word' id='word_1_85' title='bbox 1165 2059 1287 2138; x_wconf 76' lang='lat' dir='ltr'><strong>sataget</strong></span> <span class='ocrx_word' id='word_1_86' title='bbox 1305 2060 1337 2113; x_wconf 90' lang='lat' dir='ltr'><strong>et</strong></span> <span class='ocrx_word' id='word_1_87' title='bbox 1359 2050 1458 2115; x_wconf 90' lang='lat' dir='ltr'><strong>malet</strong></span> 
     </span>
     <span class='ocr_line' id='line_1_13' title="bbox 235 2138 1459 2245; baseline 0.006 -32"><span class='ocrx_word' id='word_1_88' title='bbox 235 2175 240 2185; x_wconf 88' lang='lat'><strong>·</strong></span> <span class='ocrx_word' id='word_1_89' title='bbox 286 2161 372 2214; x_wconf 89' lang='lat' dir='ltr'><strong>certa</strong></span> <span class='ocrx_word' id='word_1_90' title='bbox 393 2148 573 2215; x_wconf 83' lang='lat' dir='ltr'><strong>convellere</strong></span> <span class='ocrx_word' id='word_1_91' title='bbox 593 2159 625 2213; x_wconf 87' lang='lat' dir='ltr'><strong>et</strong></span> <span class='ocrx_word' id='word_1_92' title='bbox 644 2147 763 2213; x_wconf 91' lang='lat' dir='ltr'><strong>iudicio</strong></span> <span class='ocrx_word' id='word_1_93' title='bbox 784 2138 840 2213; x_wconf 90' lang='lat' dir='ltr'><strong>suo</strong></span> <span class='ocrx_word' id='word_1_94' title='bbox 861 2150 923 2214; x_wconf 83' lang='lat' dir='ltr'><strong>sim</strong></span> <span class='ocrx_word' id='word_1_95' title='bbox 941 2150 1073 2231; x_wconf 82' lang='lat' dir='ltr'><strong>inferre,</strong></span> <span class='ocrx_word' id='word_1_96' title='bbox 1098 2176 1195 2242; x_wconf 89' lang='lat' dir='ltr'><strong>quam</strong></span> <span class='ocrx_word' id='word_1_97' title='bbox 1214 2155 1351 2219; x_wconf 89' lang='lat' dir='ltr'><strong>abiicere</strong></span> <span class='ocrx_word' id='word_1_98' title='bbox 1370 2155 1459 2245; x_wconf 87' lang='lat' dir='ltr'><strong>quod</strong></span> 
     </span>
     <span class='ocr_line' id='line_1_14' title="bbox 287 2253 1460 2343; baseline 0.004 -23"><span class='ocrx_word' id='word_1_99' title='bbox 287 2253 461 2321; x_wconf 89' lang='lat' dir='ltr'><strong>absurdum</strong></span> <span class='ocrx_word' id='word_1_100' title='bbox 492 2265 539 2320; x_wconf 88' lang='lat' dir='ltr'><strong>est</strong></span> <span class='ocrx_word' id='word_1_101' title='bbox 568 2266 599 2319; x_wconf 91' lang='lat' dir='ltr'><strong>et</strong></span> <span class='ocrx_word' id='word_1_102' title='bbox 625 2253 758 2319; x_wconf 89' lang='lat' dir='ltr'><strong>meliora</strong></span> <span class='ocrx_word' id='word_1_103' title='bbox 780 2276 943 2343; x_wconf 88' lang='lat' dir='ltr'><strong>quaerere.</strong></span> <span class='ocrx_word' id='word_1_104' title='bbox 990 2256 1119 2322; x_wconf 81' lang='lat' dir='ltr'><strong>Faciam</strong></span> <span class='ocrx_word' id='word_1_105' title='bbox 1142 2284 1159 2324; x_wconf 93' lang='lat' dir='ltr'><strong>a</strong></span> <span class='ocrx_word' id='word_1_106' title='bbox 1181 2259 1375 2327; x_wconf 72' lang='lat' dir='ltr'><strong>Grannona</strong></span> <span class='ocrx_word' id='word_1_107' title='bbox 1397 2260 1460 2325; x_wconf 92' lang='lat' dir='ltr'><strong>ini·</strong></span> 
     </span>
     <span class='ocr_line' id='line_1_15' title="bbox 287 2358 1460 2452; baseline 0.003 -27"><span class='ocrx_word' id='word_1_108' title='bbox 287 2360 385 2439; x_wconf 90' lang='lat' dir='ltr'><strong>tium,</strong></span> <span class='ocrx_word' id='word_1_109' title='bbox 418 2360 507 2425; x_wconf 92' lang='lat' dir='ltr'><strong>cuius</strong></span> <span class='ocrx_word' id='word_1_110' title='bbox 543 2358 672 2424; x_wconf 89' lang='lat' dir='ltr'><strong>unicum</strong></span> <span class='ocrx_word' id='word_1_111' title='bbox 702 2360 863 2448; x_wconf 80' lang='lat' dir='ltr'><strong>exemplar</strong></span> <span class='ocrx_word' id='word_1_112' title='bbox 889 2371 955 2425; x_wconf 89' lang='lat' dir='ltr'><strong>tarn</strong></span> <span class='ocrx_word' id='word_1_113' title='bbox 982 2360 1189 2452; x_wconf 77' lang='lat' dir='ltr'><strong>indiligenter</strong></span> <span class='ocrx_word' id='word_1_114' title='bbox 1208 2363 1405 2452; x_wconf 85' lang='lat' dir='ltr'><strong>descriptum</strong></span> <span class='ocrx_word' id='word_1_115' title='bbox 1426 2376 1460 2429; x_wconf 90' lang='lat' dir='ltr'><strong>et</strong></span> 
     </span>
     <span class='ocr_line' id='line_1_16' title="bbox 287 2464 1459 2558; baseline 0.002 -27"><span class='ocrx_word' id='word_1_116' title='bbox 287 2465 409 2531; x_wconf 87' lang='lat' dir='ltr'><strong>editum</strong></span> <span class='ocrx_word' id='word_1_117' title='bbox 430 2477 476 2529; x_wconf 89' lang='lat' dir='ltr'><strong>est</strong></span> <span class='ocrx_word' id='word_1_118' title='bbox 497 2476 532 2529; x_wconf 88' lang='lat' dir='ltr'><strong>nt</strong></span> <span class='ocrx_word' id='word_1_119' title='bbox 551 2475 667 2529; x_wconf 82' lang='lat' dir='ltr'><strong>scateat</strong></span> <span class='ocrx_word' id='word_1_120' title='bbox 688 2464 810 2529; x_wconf 90' lang='lat' dir='ltr'><strong>lacunis</strong></span> <span class='ocrx_word' id='word_1_121' title='bbox 831 2476 862 2529; x_wconf 91' lang='lat' dir='ltr'><strong>ct</strong></span> <span class='ocrx_word' id='word_1_122' title='bbox 882 2466 1057 2544; x_wconf 88' lang='lat' dir='ltr'><strong>erroribus,</strong></span> <span class='ocrx_word' id='word_1_123' title='bbox 1077 2491 1178 2557; x_wconf 88' lang='lat' dir='ltr'><strong>quum</strong></span> <span class='ocrx_word' id='word_1_124' title='bbox 1197 2469 1231 2532; x_wconf 94' lang='lat' dir='ltr'><strong>in</strong></span> <span class='ocrx_word' id='word_1_125' title='bbox 1251 2468 1370 2533; x_wconf 86' lang='lat' dir='ltr'><strong>Codice</strong></span> <span class='ocrx_word' id='word_1_126' title='bbox 1389 2470 1459 2558; x_wconf 89' lang='lat' dir='ltr'><strong>ple-</strong></span> 
     </span>
     <span class='ocr_line' id='line_1_17' title="bbox 289 2569 1487 2661; baseline 0.004 -26"><span class='ocrx_word' id='word_1_127' title='bbox 289 2591 388 2659; x_wconf 89' lang='lat' dir='ltr'><strong>raque</strong></span> <span class='ocrx_word' id='word_1_128' title='bbox 409 2569 514 2633; x_wconf 89' lang='lat' dir='ltr'><strong>omnia</strong></span> <span class='ocrx_word' id='word_1_129' title='bbox 535 2569 655 2655; x_wconf 85' lang='lat' dir='ltr'><strong>integra</strong></span> <span class='ocrx_word' id='word_1_130' title='bbox 677 2580 708 2633; x_wconf 87' lang='lat' dir='ltr'><strong>et</strong></span> <span class='ocrx_word' id='word_1_131' title='bbox 729 2569 796 2633; x_wconf 90' lang='lat' dir='ltr'><strong>sine</strong></span> <span class='ocrx_word' id='word_1_132' title='bbox 816 2569 893 2634; x_wconf 78' lang='lat' dir='ltr'><strong>vitio</strong></span> <span class='ocrx_word' id='word_1_133' title='bbox 913 2570 990 2649; x_wconf 92' lang='lat' dir='ltr'><strong>sint,</strong></span> <span class='ocrx_word' id='word_1_134' title='bbox 1020 2572 1045 2636; x_wconf 93' lang='lat' dir='ltr'><strong>si</strong></span> <span class='ocrx_word' id='word_1_135' title='bbox 1064 2574 1136 2661; x_wconf 91' lang='lat' dir='ltr'><strong>quis</strong></span> <span class='ocrx_word' id='word_1_136' title='bbox 1156 2572 1219 2637; x_wconf 90' lang='lat' dir='ltr'><strong>hoc</strong></span> <span class='ocrx_word' id='word_1_137' title='bbox 1239 2574 1303 2661; x_wconf 90' lang='lat' dir='ltr'><strong>agit</strong></span> <span class='ocrx_word' id='word_1_138' title='bbox 1323 2585 1355 2638; x_wconf 89' lang='lat' dir='ltr'><strong>et</strong></span> <span class='ocrx_word' id='word_1_139' title='bbox 1377 2574 1459 2641; x_wconf 89' lang='lat' dir='ltr'><strong>bene</strong></span> <span class='ocrx_word' id='word_1_140' title='bbox 1472 2642 1487 2660; x_wconf 54' lang='grc'><strong>,</strong></span> 
     </span>
    </p>
   </div>
   <div class='ocr_carea' id='block_1_6' title="bbox 187 2673 1459 2767">
    <p class='ocr_par' dir='ltr' id='par_1_7' title="bbox 187 2673 1459 2767">
     <span class='ocr_line' id='line_1_18' title="bbox 187 2673 1459 2767; baseline 0.004 -27"><span class='ocrx_word' id='word_1_141' title='bbox 187 2687 198 2699; x_wconf 85' lang='grc'><strong>“</strong></span> <span class='ocrx_word' id='word_1_142' title='bbox 288 2674 407 2741; x_wconf 87' lang='lat' dir='ltr'><strong>Graece</strong></span> <span class='ocrx_word' id='word_1_143' title='bbox 430 2673 552 2739; x_wconf 84' lang='lat' dir='ltr'><strong>didicit.</strong></span> <span class='ocrx_word' id='word_1_144' title='bbox 592 2674 632 2738; x_wconf 80' lang='lat' dir='ltr'><strong>m</strong></span> <span class='ocrx_word' id='word_1_145' title='bbox 652 2674 691 2739; x_wconf 92' lang='lat' dir='ltr'><strong>de</strong></span> <span class='ocrx_word' id='word_1_146' title='bbox 713 2674 943 2763; x_wconf 88' lang='lat' dir='ltr'><strong>supplementis</strong></span> <span class='ocrx_word' id='word_1_147' title='bbox 962 2676 1150 2743; x_wconf 90' lang='lat' dir='ltr'><strong>lacunarum</strong></span> <span class='ocrx_word' id='word_1_148' title='bbox 1167 2678 1297 2767; x_wconf 89' lang='lat' dir='ltr'><strong>quidem</strong></span> <span class='ocrx_word' id='word_1_149' title='bbox 1316 2691 1348 2742; x_wconf 88' lang='lat' dir='ltr'><strong>et</strong></span> <span class='ocrx_word' id='word_1_150' title='bbox 1368 2702 1459 2745; x_wconf 81' lang='lat' dir='ltr'><strong>exor-</strong></span> 
     </span>
    </p>
   </div>
   <div class='ocr_carea' id='block_1_7' title="bbox 251 2779 1461 4647">
    <p class='ocr_par' dir='ltr' id='par_1_8' title="bbox 251 2779 1461 4647">
     <span class='ocr_line' id='line_1_19' title="bbox 287 2779 1460 2873; baseline 0.005 -28"><span class='ocrx_word' id='word_1_151' title='bbox 287 2779 340 2845; x_wconf 93' lang='lat' dir='ltr'><strong>dio</strong></span> <span class='ocrx_word' id='word_1_152' title='bbox 371 2780 473 2869; x_wconf 88' lang='lat' dir='ltr'><strong>operis</strong></span> <span class='ocrx_word' id='word_1_153' title='bbox 499 2780 645 2844; x_wconf 87' lang='lat' dir='ltr'><strong>restituto</strong></span> <span class='ocrx_word' id='word_1_154' title='bbox 669 2780 755 2845; x_wconf 90' lang='lat' dir='ltr'><strong>dicet</strong></span> <span class='ocrx_word' id='word_1_155' title='bbox 777 2780 998 2847; x_wconf 81' lang='lat' dir='ltr'><strong>Hrascfflctus</strong></span> <span class='ocrx_word' id='word_1_156' title='bbox 1016 2805 1127 2861; x_wconf 89' lang='lat' dir='ltr'><strong>meus,</strong></span> <span class='ocrx_word' id='word_1_157' title='bbox 1159 2783 1216 2873; x_wconf 84' lang='lat' dir='ltr'><strong>qui</strong></span> <span class='ocrx_word' id='word_1_158' title='bbox 1237 2782 1460 2851; x_wconf 75' lang='lat' dir='ltr'><strong>Cflanrrotun</strong></span> 
     </span>
     <span class='ocr_line' id='line_1_20' title="bbox 287 2884 1459 2979; baseline 0.003 -27"><span class='ocrx_word' id='word_1_159' title='bbox 287 2908 361 2953; x_wconf 88' lang='lat' dir='ltr'><strong>cum</strong></span> <span class='ocrx_word' id='word_1_160' title='bbox 381 2884 512 2951; x_wconf 88' lang='lat' dir='ltr'><strong>caeteris</strong></span> <span class='ocrx_word' id='word_1_161' title='bbox 532 2884 687 2951; x_wconf 80' lang='lat' dir='ltr'><strong>Erota&#39;oa&#39;s</strong></span> <span class='ocrx_word' id='word_1_162' title='bbox 707 2886 893 2975; x_wconf 90' lang='lat' dir='ltr'><strong>propediem</strong></span> <span class='ocrx_word' id='word_1_163' title='bbox 907 2886 1060 2954; x_wconf 86' lang='lat' dir='ltr'><strong>editurus</strong></span> <span class='ocrx_word' id='word_1_164' title='bbox 1081 2900 1139 2955; x_wconf 91' lang='lat' dir='ltr'><strong>est.</strong></span> <span class='ocrx_word' id='word_1_165' title='bbox 1186 2890 1360 2979; x_wconf 70' lang='lat' dir='ltr'><strong>discerpam</strong></span> <span class='ocrx_word' id='word_1_166' title='bbox 1388 2902 1459 2956; x_wconf 85' lang='lat' dir='ltr'><strong>tan·</strong></span> 
     </span>
     <span class='ocr_line' id='line_1_21' title="bbox 287 2990 1461 3081; baseline 0.003 -23"><span class='ocrx_word' id='word_1_167' title='bbox 287 3004 357 3058; x_wconf 89' lang='lat' dir='ltr'><strong>tum</strong></span> <span class='ocrx_word' id='word_1_168' title='bbox 376 2990 526 3057; x_wconf 90' lang='lat' dir='ltr'><strong>absurdas</strong></span> <span class='ocrx_word' id='word_1_169' title='bbox 547 2990 699 3081; x_wconf 86' lang='lat' dir='ltr'><strong>quasdam</strong></span> <span class='ocrx_word' id='word_1_170' title='bbox 723 2992 875 3057; x_wconf 90' lang='lat' dir='ltr'><strong>lectiones</strong></span> <span class='ocrx_word' id='word_1_171' title='bbox 896 2992 1144 3058; x_wconf 87' lang='lat' dir='ltr'><strong>describentium</strong></span> <span class='ocrx_word' id='word_1_172' title='bbox 1168 2994 1247 3059; x_wconf 78' lang='lat' dir='ltr'><strong>vitio</strong></span> <span class='ocrx_word' id='word_1_173' title='bbox 1267 3005 1379 3075; x_wconf 91' lang='lat' dir='ltr'><strong>natas,</strong></span> <span class='ocrx_word' id='word_1_174' title='bbox 1404 2996 1461 3061; x_wconf 89' lang='lat' dir='ltr'><strong>ubi</strong></span> 
     </span>
     <span class='ocr_line' id='line_1_22' title="bbox 285 3094 1458 3187; baseline 0.002 -22"><span class='ocrx_word' id='word_1_175' title='bbox 285 3096 394 3165; x_wconf 80' lang='lat' dir='ltr'><strong>(lodex</strong></span> <span class='ocrx_word' id='word_1_176' title='bbox 422 3097 491 3187; x_wconf 91' lang='lat' dir='ltr'><strong>ipse</strong></span> <span class='ocrx_word' id='word_1_177' title='bbox 519 3096 601 3163; x_wconf 90' lang='lat' dir='ltr'><strong>nihil</strong></span> <span class='ocrx_word' id='word_1_178' title='bbox 626 3108 718 3163; x_wconf 89' lang='lat' dir='ltr'><strong>errat.</strong></span> <span class='ocrx_word' id='word_1_179' title='bbox 767 3094 841 3186; x_wconf 90' lang='lat' dir='ltr'><strong>Pag.</strong></span> <span class='ocrx_word' id='word_1_180' title='bbox 860 3101 897 3174; x_wconf 99' lang='grc'><strong>5,</strong></span> <span class='ocrx_word' id='word_1_181' title='bbox 923 3101 953 3164; x_wconf 91' lang='grc'><strong>4.</strong></span> <span class='ocrx_word' id='word_1_182' title='bbox 985 3096 1137 3164; x_wconf 81' lang='lat' dir='ltr'><strong>exhibent</strong></span> <span class='ocrx_word' id='word_1_183' title='bbox 1161 3097 1295 3178; x_wconf 79' lang='grc' dir='ltr'><em>ἔμελλεν</em></span> <span class='ocrx_word' id='word_1_184' title='bbox 1318 3098 1458 3167; x_wconf 79' lang='grc' dir='ltr'><em>οέπελεθ-</em></span> 
     </span>
     <span class='ocr_line' id='line_1_23' title="bbox 284 3200 1458 3282; baseline 0.001 -13"><span class='ocrx_word' id='word_1_185' title='bbox 284 3204 415 3276; x_wconf 85' lang='grc' dir='ltr'><em>σοοσθοον,</em></span> <span class='ocrx_word' id='word_1_186' title='bbox 443 3201 783 3269; x_wconf 77' lang='grc' dir='ltr'><em>0011.οέπελεθσεσθοο1.</em></span> <span class='ocrx_word' id='word_1_187' title='bbox 818 3206 919 3282; x_wconf 93' lang='grc'><strong>7,10.</strong></span> <span class='ocrx_word' id='word_1_188' title='bbox 943 3203 1048 3282; x_wconf 76' lang='grc' dir='ltr'><em>ὁμέν,</em></span> <span class='ocrx_word' id='word_1_189' title='bbox 1066 3200 1252 3281; x_wconf 77' lang='grc' dir='ltr'><strong>Οο11.θμως.</strong></span> <span class='ocrx_word' id='word_1_190' title='bbox 1290 3205 1340 3268; x_wconf 91' lang='grc'><strong>14.</strong></span> <span class='ocrx_word' id='word_1_191' title='bbox 1363 3206 1458 3270; x_wconf 75' lang='lat' dir='ltr'><strong>olvat-</strong></span> 
     </span>
     <span class='ocr_line' id='line_1_24' title="bbox 285 3306 1457 3390; baseline 0.001 -17"><span class='ocrx_word' id='word_1_192' title='bbox 285 3310 356 3375; x_wconf 85' lang='grc' dir='ltr'><em>θεῖν.</em></span> <span class='ocrx_word' id='word_1_193' title='bbox 381 3308 637 3375; x_wconf 81' lang='grc' dir='ltr'><em>0011.εἷσελθεῖν.</em></span> <span class='ocrx_word' id='word_1_194' title='bbox 674 3311 711 3387; x_wconf 80' lang='lat' dir='ltr'><strong>fl,</strong></span> <span class='ocrx_word' id='word_1_195' title='bbox 733 3312 762 3373; x_wconf 89' lang='lat'><strong>7.</strong></span> <span class='ocrx_word' id='word_1_196' title='bbox 787 3308 951 3389; x_wconf 76' lang='grc' dir='ltr'><em>οθνοοχθείς.</em></span> <span class='ocrx_word' id='word_1_197' title='bbox 979 3306 1059 3375; x_wconf 83' lang='lat' dir='ltr'><strong>cod.</strong></span> <span class='ocrx_word' id='word_1_198' title='bbox 1078 3309 1226 3389; x_wconf 78' lang='grc' dir='ltr'><em>ἐνεχθείς.</em></span> <span class='ocrx_word' id='word_1_199' title='bbox 1261 3312 1297 3387; x_wconf 88' lang='grc'><strong>9,</strong></span> <span class='ocrx_word' id='word_1_200' title='bbox 1320 3312 1370 3374; x_wconf 89' lang='grc'><strong>16.</strong></span> <span class='ocrx_word' id='word_1_201' title='bbox 1393 3314 1457 3390; x_wconf 72' lang='lat' dir='ltr'><strong>dol·</strong></span> 
     </span>
     <span class='ocr_line' id='line_1_25' title="bbox 283 3402 1454 3495; baseline 0.002 -18"><span class='ocrx_word' id='word_1_202' title='bbox 283 3417 343 3495; x_wconf 82' lang='grc' dir='ltr'><strong>φον</strong></span> <span class='ocrx_word' id='word_1_203' title='bbox 373 3414 532 3479; x_wconf 63' lang='grc' dir='ltr'><em>ἀνέθεσαν.</em></span> <span class='ocrx_word' id='word_1_204' title='bbox 569 3412 648 3479; x_wconf 82' lang='lat' dir='ltr'><strong>God.</strong></span> <span class='ocrx_word' id='word_1_205' title='bbox 675 3412 795 3479; x_wconf 81' lang='grc' dir='ltr'><em>ἔθεσοον.</em></span> <span class='ocrx_word' id='word_1_206' title='bbox 841 3415 893 3489; x_wconf 91' lang='grc'><strong>11,</strong></span> <span class='ocrx_word' id='word_1_207' title='bbox 921 3416 973 3480; x_wconf 89' lang='grc'><strong>17.</strong></span> <span class='ocrx_word' id='word_1_208' title='bbox 1004 3414 1064 3486; x_wconf 72' lang='lat' dir='ltr'><strong>reis</strong></span> <span class='ocrx_word' id='word_1_209' title='bbox 1098 3415 1240 3488; x_wconf 74' lang='grc' dir='ltr'><em>συνήθους</em></span> <span class='ocrx_word' id='word_1_210' title='bbox 1277 3402 1454 3493; x_wconf 79' lang='grc' dir='ltr'><em>δνοοτροβθς.</em></span> 
     </span>
     <span class='ocr_line' id='line_1_26' title="bbox 286 3514 1458 3594; baseline 0.001 -12"><span class='ocrx_word' id='word_1_211' title='bbox 286 3514 364 3583; x_wconf 82' lang='lat' dir='ltr'><strong>cod.</strong></span> <span class='ocrx_word' id='word_1_212' title='bbox 385 3520 530 3593; x_wconf 69' lang='lat' dir='ltr'><strong>obvallare.</strong></span> <span class='ocrx_word' id='word_1_213' title='bbox 562 3520 618 3594; x_wconf 87' lang='lat'><strong>14,</strong></span> <span class='ocrx_word' id='word_1_214' title='bbox 635 3521 682 3582; x_wconf 88' lang='grc'><strong>14.</strong></span> <span class='ocrx_word' id='word_1_215' title='bbox 709 3518 952 3591; x_wconf 77' lang='grc' dir='ltr'><em>ὑποπτενήσθοον.</em></span> <span class='ocrx_word' id='word_1_216' title='bbox 974 3516 1310 3590; x_wconf 69' lang='grc' dir='ltr'><strong>(101111ποππενθήνοοο.</strong></span> <span class='ocrx_word' id='word_1_217' title='bbox 1337 3519 1458 3593; x_wconf 90' lang='grc'><strong>15,17.</strong></span> 
     </span>
     <span class='ocr_line' id='line_1_27' title="bbox 286 3619 1457 3703; baseline 0 -16"><span class='ocrx_word' id='word_1_218' title='bbox 286 3624 392 3698; x_wconf 77' lang='grc' dir='ltr'><em>νήσους</em></span> <span class='ocrx_word' id='word_1_219' title='bbox 421 3622 533 3703; x_wconf 77' lang='grc' dir='ltr'><em>μοκροδς</em></span> <span class='ocrx_word' id='word_1_220' title='bbox 559 3623 611 3686; x_wconf 73' lang='lat' dir='ltr'><strong>unt</strong></span> <span class='ocrx_word' id='word_1_221' title='bbox 635 3620 792 3693; x_wconf 79' lang='grc' dir='ltr'><em>πολλοθς.</em></span> <span class='ocrx_word' id='word_1_222' title='bbox 819 3619 898 3687; x_wconf 83' lang='lat' dir='ltr'><strong>cod.</strong></span> <span class='ocrx_word' id='word_1_223' title='bbox 920 3621 1039 3694; x_wconf 73' lang='grc' dir='ltr'><em>πόλεις.</em></span> <span class='ocrx_word' id='word_1_224' title='bbox 1078 3625 1135 3699; x_wconf 87' lang='lat'><strong>16,</strong></span> <span class='ocrx_word' id='word_1_225' title='bbox 1152 3624 1205 3684; x_wconf 87' lang='grc'><strong>26.</strong></span> <span class='ocrx_word' id='word_1_226' title='bbox 1228 3621 1355 3686; x_wconf 79' lang='grc' dir='ltr'><em>οὐδέπω.</em></span> <span class='ocrx_word' id='word_1_227' title='bbox 1377 3621 1457 3689; x_wconf 80' lang='lat' dir='ltr'><strong>cod.</strong></span> 
     </span>
     <span class='ocr_line' id='line_1_28' title="bbox 285 3723 1459 3808; baseline 0.003 -19"><span class='ocrx_word' id='word_1_228' title='bbox 285 3727 448 3800; x_wconf 68' lang='lat' dir='ltr'><strong>sitiriano.</strong></span> <span class='ocrx_word' id='word_1_229' title='bbox 485 3729 595 3804; x_wconf 86' lang='grc'><strong>20,7.</strong></span> <span class='ocrx_word' id='word_1_230' title='bbox 627 3723 807 3805; x_wconf 80' lang='grc' dir='ltr'><em>ήσυχοθνενν.</em></span> <span class='ocrx_word' id='word_1_231' title='bbox 844 3725 922 3792; x_wconf 85' lang='lat' dir='ltr'><strong>cod.</strong></span> <span class='ocrx_word' id='word_1_232' title='bbox 946 3723 1129 3808; x_wconf 79' lang='grc' dir='ltr'><em>ήσυχθζεον.</em></span> <span class='ocrx_word' id='word_1_233' title='bbox 1167 3728 1227 3803; x_wconf 90' lang='grc'><strong>25,</strong></span> <span class='ocrx_word' id='word_1_234' title='bbox 1248 3728 1278 3789; x_wconf 89' lang='lat'><strong>9.</strong></span> <span class='ocrx_word' id='word_1_235' title='bbox 1308 3730 1367 3789; x_wconf 82' lang='grc' dir='ltr'><strong>πῶν</strong></span> <span class='ocrx_word' id='word_1_236' title='bbox 1388 3728 1459 3792; x_wconf 84' lang='grc' dir='ltr'><em>ποθ-</em></span> 
     </span>
     <span class='ocr_line' id='line_1_29' title="bbox 251 3825 1455 3910; baseline 0.003 -18"><span class='ocrx_word' id='word_1_237' title='bbox 251 3860 255 3865; x_wconf 93' lang='grc'><strong><em>·</em></strong></span> <span class='ocrx_word' id='word_1_238' title='bbox 284 3852 345 3893; x_wconf 81' lang='grc' dir='ltr'><strong>πον</strong></span> <span class='ocrx_word' id='word_1_239' title='bbox 365 3833 477 3896; x_wconf 73' lang='grc' dir='ltr'><em>κοινῶν.</em></span> <span class='ocrx_word' id='word_1_240' title='bbox 503 3828 581 3896; x_wconf 82' lang='lat' dir='ltr'><strong>cod.</strong></span> <span class='ocrx_word' id='word_1_241' title='bbox 601 3834 659 3909; x_wconf 79' lang='grc' dir='ltr'><strong>τῶν</strong></span> <span class='ocrx_word' id='word_1_242' title='bbox 683 3828 807 3894; x_wconf 63' lang='grc' dir='ltr'><em>πάντων</em></span> <span class='ocrx_word' id='word_1_243' title='bbox 826 3836 939 3895; x_wconf 78' lang='grc' dir='ltr'><em>κοινῶν.</em></span> <span class='ocrx_word' id='word_1_244' title='bbox 977 3831 1079 3908; x_wconf 85' lang='grc'><strong>26,7.</strong></span> <span class='ocrx_word' id='word_1_245' title='bbox 1103 3825 1178 3894; x_wconf 66' lang='lat' dir='ltr'><strong>tem</strong></span> <span class='ocrx_word' id='word_1_246' title='bbox 1199 3829 1293 3901; x_wconf 70' lang='grc' dir='ltr'>αὐτὸς</span> <span class='ocrx_word' id='word_1_247' title='bbox 1311 3833 1455 3910; x_wconf 76' lang='grc' dir='ltr'><em>προῆλθε.</em></span> 
     </span>
     <span class='ocr_line' id='line_1_30' title="bbox 288 3930 1456 4018; baseline 0.003 -21"><span class='ocrx_word' id='word_1_248' title='bbox 288 3930 368 3997; x_wconf 81' lang='lat' dir='ltr'><strong>cod.</strong></span> <span class='ocrx_word' id='word_1_249' title='bbox 396 3933 535 4017; x_wconf 76' lang='grc' dir='ltr'><em>προέλθή.</em></span> <span class='ocrx_word' id='word_1_250' title='bbox 570 3940 602 4003; x_wconf 84' lang='grc'><strong>8.</strong></span> <span class='ocrx_word' id='word_1_251' title='bbox 630 3933 719 3999; x_wconf 76' lang='lat' dir='ltr'><strong>tant</strong></span> <span class='ocrx_word' id='word_1_252' title='bbox 743 3934 774 3999; x_wconf 82' lang='grc' dir='ltr'><strong>δὲ</strong></span> <span class='ocrx_word' id='word_1_253' title='bbox 798 3944 837 4018; x_wconf 80' lang='grc' dir='ltr'><strong>πή</strong></span> <span class='ocrx_word' id='word_1_254' title='bbox 864 3932 912 4016; x_wconf 78' lang='grc' dir='ltr'><strong>ἕῳ.</strong></span> <span class='ocrx_word' id='word_1_255' title='bbox 940 3933 1019 4001; x_wconf 81' lang='lat' dir='ltr'><strong>(lod.</strong></span> <span class='ocrx_word' id='word_1_256' title='bbox 1039 3934 1122 4015; x_wconf 73' lang='lat' dir='ltr'><strong>aine.</strong></span> <span class='ocrx_word' id='word_1_257' title='bbox 1159 3937 1287 4013; x_wconf 87' lang='lat'><strong>27,17.</strong></span> <span class='ocrx_word' id='word_1_258' title='bbox 1311 3934 1346 4011; x_wconf 79' lang='grc' dir='ltr'><strong>ἐξ</strong></span> <span class='ocrx_word' id='word_1_259' title='bbox 1374 3936 1456 4016; x_wconf 70' lang='lat' dir='ltr'><strong>niol-</strong></span> 
     </span>
     <span class='ocr_line' id='line_1_31' title="bbox 285 4033 1453 4121; baseline 0.004 -20"><span class='ocrx_word' id='word_1_260' title='bbox 285 4060 372 4109; x_wconf 79' lang='grc' dir='ltr'><em>σεως.</em></span> <span class='ocrx_word' id='word_1_261' title='bbox 401 4034 479 4103; x_wconf 82' lang='lat' dir='ltr'><strong>God.</strong></span> <span class='ocrx_word' id='word_1_262' title='bbox 499 4040 672 4121; x_wconf 69' lang='grc' dir='ltr'><em>ἐξαιρέτως.</em></span> <span class='ocrx_word' id='word_1_263' title='bbox 709 4042 768 4120; x_wconf 86' lang='grc'><strong>28,</strong></span> <span class='ocrx_word' id='word_1_264' title='bbox 790 4044 820 4106; x_wconf 94' lang='grc'><strong>2.</strong></span> <span class='ocrx_word' id='word_1_265' title='bbox 844 4038 909 4105; x_wconf 80' lang='grc' dir='ltr'><strong>πότ’</strong></span> <span class='ocrx_word' id='word_1_266' title='bbox 936 4036 985 4106; x_wconf 81' lang='grc' dir='ltr'><strong>οὖν</strong></span> <span class='ocrx_word' id='word_1_267' title='bbox 1015 4041 1098 4107; x_wconf 79' lang='grc' dir='ltr'><em>ἰδεῖν.</em></span> <span class='ocrx_word' id='word_1_268' title='bbox 1124 4039 1204 4107; x_wconf 80' lang='lat' dir='ltr'><strong>(lod.</strong></span> <span class='ocrx_word' id='word_1_269' title='bbox 1224 4038 1290 4104; x_wconf 78' lang='grc' dir='ltr'><strong>πότ’</strong></span> <span class='ocrx_word' id='word_1_270' title='bbox 1310 4033 1344 4112; x_wconf 78' lang='grc' dir='ltr'><strong>ἦν</strong></span> <span class='ocrx_word' id='word_1_271' title='bbox 1369 4039 1453 4107; x_wconf 79' lang='grc' dir='ltr'><em>ἰδεῖν.</em></span> 
     </span>
     <span class='ocr_line' id='line_1_32' title="bbox 286 4142 1456 4224; baseline -0.002 -13"><span class='ocrx_word' id='word_1_272' title='bbox 286 4148 315 4211; x_wconf 87' lang='grc'><strong>8.</strong></span> <span class='ocrx_word' id='word_1_273' title='bbox 336 4142 460 4222; x_wconf 74' lang='grc' dir='ltr'><em>γοὶμονς</em></span> <span class='ocrx_word' id='word_1_274' title='bbox 476 4144 708 4217; x_wconf 64' lang='grc' dir='ltr'><strong>δοθλους..0011.</strong></span> <span class='ocrx_word' id='word_1_275' title='bbox 727 4146 847 4222; x_wconf 68' lang='lat' dir='ltr'><strong>totana.</strong></span> <span class='ocrx_word' id='word_1_276' title='bbox 874 4149 933 4224; x_wconf 91' lang='grc'><strong>29,</strong></span> <span class='ocrx_word' id='word_1_277' title='bbox 952 4147 1007 4213; x_wconf 88' lang='grc'><strong>21.</strong></span> <span class='ocrx_word' id='word_1_278' title='bbox 1031 4145 1209 4211; x_wconf 68' lang='lat' dir='ltr'><strong>duodenae.</strong></span> <span class='ocrx_word' id='word_1_279' title='bbox 1229 4142 1308 4211; x_wconf 82' lang='grc'><strong>0011.</strong></span> <span class='ocrx_word' id='word_1_280' title='bbox 1323 4143 1456 4212; x_wconf 72' lang='grc' dir='ltr'><em>ἄκουσον.</em></span> 
     </span>
     <span class='ocr_line' id='line_1_33' title="bbox 287 4248 1455 4333; baseline -0.001 -20"><span class='ocrx_word' id='word_1_281' title='bbox 287 4252 340 4327; x_wconf 87' lang='grc'><strong>31,</strong></span> <span class='ocrx_word' id='word_1_282' title='bbox 356 4252 409 4313; x_wconf 88' lang='grc'><strong>25.</strong></span> <span class='ocrx_word' id='word_1_283' title='bbox 433 4248 626 4331; x_wconf 79' lang='grc' dir='ltr'><em>κοοποοδροθσή.</em></span> <span class='ocrx_word' id='word_1_284' title='bbox 647 4248 725 4316; x_wconf 78' lang='lat' dir='ltr'><strong>cod.</strong></span> <span class='ocrx_word' id='word_1_285' title='bbox 742 4249 915 4333; x_wconf 78' lang='grc' dir='ltr'><em>κοποορθσή.</em></span> <span class='ocrx_word' id='word_1_286' title='bbox 949 4255 1010 4330; x_wconf 81' lang='lat'><strong>34,</strong></span> <span class='ocrx_word' id='word_1_287' title='bbox 1024 4256 1073 4316; x_wconf 82' lang='lat'><strong>13.</strong></span> <span class='ocrx_word' id='word_1_288' title='bbox 1098 4252 1255 4317; x_wconf 76' lang='grc' dir='ltr'><em>θπθνλεκε.</em></span> <span class='ocrx_word' id='word_1_289' title='bbox 1276 4249 1356 4315; x_wconf 81' lang='lat' dir='ltr'><strong>(lod.</strong></span> <span class='ocrx_word' id='word_1_290' title='bbox 1376 4251 1455 4313; x_wconf 77' lang='grc' dir='ltr'><em>οὶπο·</em></span> 
     </span>
     <span class='ocr_line' id='line_1_34' title="bbox 284 4351 1456 4439; baseline 0 -20"><span class='ocrx_word' id='word_1_291' title='bbox 284 4352 414 4419; x_wconf 68' lang='lat' dir='ltr'><strong>adaeus.</strong></span> <span class='ocrx_word' id='word_1_292' title='bbox 453 4356 510 4432; x_wconf 91' lang='lat'><strong>41,</strong></span> <span class='ocrx_word' id='word_1_293' title='bbox 531 4357 560 4419; x_wconf 88' lang='grc'><strong>7.</strong></span> <span class='ocrx_word' id='word_1_294' title='bbox 585 4356 767 4435; x_wconf 67' lang='lat' dir='ltr'><strong>nantildam.</strong></span> <span class='ocrx_word' id='word_1_295' title='bbox 798 4353 876 4421; x_wconf 83' lang='lat' dir='ltr'><strong>cod.</strong></span> <span class='ocrx_word' id='word_1_296' title='bbox 901 4356 1080 4439; x_wconf 78' lang='grc' dir='ltr'><em>θνοενήψοος.</em></span> <span class='ocrx_word' id='word_1_297' title='bbox 1118 4359 1170 4421; x_wconf 93' lang='grc'><strong>14.</strong></span> <span class='ocrx_word' id='word_1_298' title='bbox 1197 4356 1354 4437; x_wconf 79' lang='grc' dir='ltr'><em>ἑρμήνενε.</em></span> <span class='ocrx_word' id='word_1_299' title='bbox 1377 4351 1456 4419; x_wconf 84' lang='lat' dir='ltr'><strong>cod.</strong></span> 
     </span>
     <span class='ocr_line' id='line_1_35' title="bbox 284 4453 1456 4540; baseline 0.001 -20"><span class='ocrx_word' id='word_1_300' title='bbox 284 4456 504 4536; x_wconf 76' lang='grc' dir='ltr'><em>μνημόνευσον.</em></span> <span class='ocrx_word' id='word_1_301' title='bbox 542 4461 671 4535; x_wconf 90' lang='grc'><strong>44,11.</strong></span> <span class='ocrx_word' id='word_1_302' title='bbox 702 4457 848 4537; x_wconf 77' lang='grc' dir='ltr'><em>θεήμκπν.</em></span> <span class='ocrx_word' id='word_1_303' title='bbox 881 4456 1122 4540; x_wconf 75' lang='grc' dir='ltr'><em>0011.δεο’μοοπν.</em></span> <span class='ocrx_word' id='word_1_304' title='bbox 1160 4463 1213 4538; x_wconf 88' lang='grc'><strong>47,</strong></span> <span class='ocrx_word' id='word_1_305' title='bbox 1236 4463 1265 4524; x_wconf 93' lang='lat'><strong>4.</strong></span> <span class='ocrx_word' id='word_1_306' title='bbox 1285 4456 1325 4523; x_wconf 82' lang='grc' dir='ltr'><strong>Ῑπδ</strong></span> <span class='ocrx_word' id='word_1_307' title='bbox 1349 4459 1380 4522; x_wconf 82' lang='grc' dir='ltr'><strong>δὲ</strong></span> <span class='ocrx_word' id='word_1_308' title='bbox 1401 4453 1456 4537; x_wconf 75' lang='grc' dir='ltr'><em>ὅρον</em></span> 
     </span>
     <span class='ocr_line' id='line_1_36' title="bbox 284 4556 1453 4647; baseline 0 -22"><span class='ocrx_word' id='word_1_309' title='bbox 284 4568 339 4633; x_wconf 71' lang='lat' dir='ltr'><strong>als</strong></span> <span class='ocrx_word' id='word_1_310' title='bbox 371 4563 510 4645; x_wconf 71' lang='lat' dir='ltr'><strong>aenovalaus</strong></span> <span class='ocrx_word' id='word_1_311' title='bbox 545 4565 649 4645; x_wconf 81' lang='grc' dir='ltr'><em>ὀργήν.</em></span> <span class='ocrx_word' id='word_1_312' title='bbox 688 4562 765 4631; x_wconf 87' lang='lat' dir='ltr'><strong>God.</strong></span> <span class='ocrx_word' id='word_1_313' title='bbox 799 4565 834 4628; x_wconf 82' lang='grc' dir='ltr'><strong>πθ</strong></span> <span class='ocrx_word' id='word_1_314' title='bbox 867 4565 898 4629; x_wconf 76' lang='grc' dir='ltr'><strong>δὲ</strong></span> <span class='ocrx_word' id='word_1_315' title='bbox 926 4564 989 4646; x_wconf 76' lang='grc' dir='ltr'><em>θοροο</em></span> <span class='ocrx_word' id='word_1_316' title='bbox 1019 4573 1076 4640; x_wconf 77' lang='grc' dir='ltr'><strong>τῆς</strong></span> <span class='ocrx_word' id='word_1_317' title='bbox 1106 4564 1246 4647; x_wconf 70' lang='grc' dir='ltr'><em>προνοίας</em></span> <span class='ocrx_word' id='word_1_318' title='bbox 1283 4563 1371 4644; x_wconf 70' lang='grc' dir='ltr'><em>ἔργον</em></span> <span class='ocrx_word' id='word_1_319' title='bbox 1407 4556 1453 4635; x_wconf 84' lang='grc' dir='ltr'><strong>ήν.</strong></span> 
     </span>
    </p>
   </div>
   <div class='ocr_carea' id='block_1_8' title="bbox 288 4664 1453 4829">
    <p class='ocr_par' dir='ltr' id='par_1_9' title="bbox 288 4664 1453 4829">
     <span class='ocr_line' id='line_1_37' title="bbox 288 4664 1453 4751; baseline 0.006 -24"><span class='ocrx_word' id='word_1_320' title='bbox 288 4667 339 4729; x_wconf 93' lang='grc'><strong>10.</strong></span> <span class='ocrx_word' id='word_1_321' title='bbox 356 4664 489 4745; x_wconf 75' lang='grc' dir='ltr'><em>’ἔμενεν</em></span> <span class='ocrx_word' id='word_1_322' title='bbox 525 4666 603 4735; x_wconf 82' lang='lat' dir='ltr'><strong>cod.</strong></span> <span class='ocrx_word' id='word_1_323' title='bbox 633 4667 756 4737; x_wconf 79' lang='grc' dir='ltr'><em>ἔκλοοεν.</em></span> <span class='ocrx_word' id='word_1_324' title='bbox 804 4664 934 4748; x_wconf 88' lang='grc'><strong>48,17.</strong></span> <span class='ocrx_word' id='word_1_325' title='bbox 964 4672 1223 4751; x_wconf 58' lang='lat' dir='ltr'><strong>tergenda-noso.</strong></span> <span class='ocrx_word' id='word_1_326' title='bbox 1250 4669 1329 4738; x_wconf 83' lang='lat' dir='ltr'><strong>cod.</strong></span> <span class='ocrx_word' id='word_1_327' title='bbox 1350 4670 1453 4747; x_wconf 74' lang='grc' dir='ltr'><em>ἐπονο-</em></span> 
     </span>
     <span class='ocr_line' id='line_1_38' title="bbox 1224 4791 1255 4829; baseline 0 0"><span class='ocrx_word' id='word_1_328' title='bbox 1224 4791 1255 4829; x_wconf 83' lang='grc'><strong>14</strong></span> 
     </span>
    </p>
   </div>
   <div class='ocr_carea' id='block_1_9' title="bbox 0 0 1888 5717">
    <p class='ocr_par' dir='ltr' id='par_1_10' title="bbox 0 0 1888 5717">
     <span class='ocr_line' id='line_1_39' title="bbox 0 0 1888 5717; baseline 0 0"><span class='ocrx_word' id='word_1_329' title='bbox 0 0 1888 5717; x_wconf 95' lang='lat' dir='ltr'><strong> </strong></span> 
     </span>
    </p>
   </div>
  </div>
 </body>
</html>
