3767 5717
847 594 912 655 233

295 788 382 854 libris
399 787 441 853 de
457 786 600 877 legibus
615 787 751 852 alterum
767 787 965 878 exemplum,
981 809 1046 877 quo
1063 808 1127 852 non
1145 810 1212 853 csse
1227 786 1363 854 arbitror
1379 786 1467 851 aliud

294 892 470 961 evidentius
499 906 531 959 et
561 892 645 959 unde
666 894 760 959 simul
783 893 951 984 apparebit
975 917 1071 983 quam
1093 895 1299 984 pertinaciter
1316 896 1376 959 ista
1397 918 1466 960 em·

294 1001 430 1068 blcmata
455 1000 683 1066 adhaerescunt
711 1013 854 1067 veterum
884 1000 1008 1090 scriptis
1027 1011 1058 1064 et
1080 989 1180 1089 quum
1200 1000 1382 1066 evelluntur
1401 1011 1466 1065 sta-

241 1092 245 1105 *
293 1108 348 1173 tim
370 1123 581 1174 succrescant.
630 1108 749 1197 Ecquis
770 1120 830 1185 est,
855 1107 994 1197 quinon
1015 1107 1130 1195 passim
1149 1107 1201 1172 νῦν
1221 1110 1256 1183 δή
1277 1106 1378 1198 (quod
1399 1132 1464 1172 ννν-

292 1214 550 1290 asscribendum
574 1236 639 1279 esse
661 1213 788 1301 censeo)
820 1213 934 1278 viderit
958 1212 1000 1276 ab
1027 1212 1139 1276 atticis
1166 1210 1230 1276 dici
1249 1236 1308 1301 pro
1328 1214 1461 1293 οέρτίιος,

290 1319 394 1399 θλθγον
415 1320 609 1402 ἔμπροσθενό
657 1320 776 1399 Nemo,
802 1320 925 1409 opinor.
953 1320 1171 1384 Ruuuusruus
1195 1316 1234 1381 ad
1256 1318 1413 1383 Ttussurt
1433 1342 1462 1387 r.
1536 1378 1539 1382 .

292 1430 342 1488 νῦν
368 1427 417 1501 δύο
446 1426 500 1505 πρό
523 1424 629 1503 ὀλίγον
653 1425 779 1505 χρόνον,
814 1422 972 1489 nonnulla
1001 1422 1108 1500 dedit,
1129 1434 1161 1487 ct
1180 1422 1377 1514 ubicumque
1398 1425 1464 1490 fera

292 1527 404 1595 Putre
424 1532 516 1597 modo
537 1531 642 1595 dicere
665 1531 765 1596 roluit
784 1538 834 1596 νῦν
859 1532 893 1606 δή
920 1529 1046 1617 legitur.
1095 1528 1328 1595 Grammaticus
1356 1533 1463 1597 nescio

293 1635 364 1725 quis
382 1636 580 1725 pereruditus
594 1637 773 1703 Psarounu
788 1637 1000 1726 interpretans
1016 1633 1146 1723 collegit
1163 1635 1341 1701 Atticorum
1360 1636 1463 1718 locos,

291 1740 462 1830 inquibus
483 1744 567 1816 ocull
593 1743 650 1820 μέν
672 1754 705 1807 et
725 1749 775 1807 νῦν
802 1743 833 1807 δέ
860 1742 943 1806 inter
964 1765 997 1806 se
1017 1741 1162 1831 opposita
1184 1753 1302 1819 essent,
1332 1767 1370 1808 er
1389 1746 1463 1835 qoi-

291 1845 351 1911 bus
382 1848 459 1913 locis
487 1848 682 1938 apertissime
711 1848 947 1937 intelligeretur
976 1849 1063 1922 νννδθ
1096 1847 1275 1936 significare
1304 1849 1414 1928 θρτθιος
1443 1851 1459 1926 ἢ

289 1954 394 2034 μικρὸν
415 1953 595 2037 ἔμπροσθεν.
627 1954 744 2021 Attulit
769 1954 941 2021 Maestus
966 1952 1089 2019 Comici
1113 1953 1233 2019 locum:

379 2088 446 2154 εἰπέ
469 2113 538 2169 μοι,
557 2090 651 2165 aaran
676 2091 733 2169 μὲν
756 2089 855 2169 θμνυς
879 2091 922 2169 μὴ
948 2090 1130 2169 γεγονέναι,
1157 2094 1207 2154 νῦν
1232 2090 1263 2154 δὲ
1287 2091 1362 2171 dds.

288 2238 397 2304 attulit
420 2263 458 2306 er
482 2242 648 2309 Euutl‘tus
672 2244 702 2307 ἐν
725 2240 913 2323 Ἱππολύτῳ·

557 2377 644 2451 νυνδὴ
668 2377 724 2453 μὲν
748 2374 810 2456 θρος
834 2377 913 2454 βότ’
937 2376 988 2441 ἐντὶ
1013 2378 1105 2457 θήρας

557 2479 647 2543 ττθθιν
670 2478 815 2551 ε’ςέλλον,
842 2485 892 2542 νῦν
916 2480 948 2543 δὲ
970 2480 1132 2559 ψαμθθοις

556 2583 586 2645 ἕν
610 2580 802 2660 θανμοὶντοις
831 2582 954 2668 [πόλιον
978 2581 1117 2670 ἔραοαι].

288 2720 320 2783 in
343 2717 456 2783 nostris
478 2714 569 2780 libris
589 2716 765 2781 uunrrrnrs
785 2739 828 2782 rs.
848 2720 914 2781 233
935 2716 1092 2806 scriptura
1112 2716 1213 2783 fertur
1234 2718 1326 2786 haec:

559 2858 610 2917 νῦν
637 2854 662 2917 δ’
686 2847 727 2918 αὖ
750 2852 910 2933 ψαμθθοις
934 2856 1008 2919 Ἐπ’
1031 2852 1224 2933 οθκνμθντοις

221 3083 223 3088 ,
286 3014 419 3093 apparet
446 3007 496 3067 νῦν
521 3004 552 3069 δὲ
583 3003 685 3067 serius
713 3026 779 3068 esse
809 3015 840 3069 et
866 3002 1027 3085 ψαμθθοις
1051 3006 1081 3069 ἕν
1108 3003 1232 3091 (Codex
1250 3007 1459 3101 ψαμθθοιοιν)

284 3132 383 3200 quam
411 3112 472 3175 ἐπ’.
524 3110 639 3175 Attulit
667 3111 802 3175 alterum
828 3134 865 3176 er
888 3110 1051 3175 Euu'rsrus
1074 3111 1180 3177 locum
1203 3115 1233 3177 ἐν
1259 3113 1458 3197 Μελεοθνρῳ,

261 3292 265 3301 ι
286 3238 382 3305 quem
404 3215 526 3280 scribae
545 3217 588 3281 ita
608 3216 895 3307 pessumdederunt
916 3216 1025 3281 multis
1044 3218 1148 3284 verbis
1163 3219 1284 3283 omissis
1302 3231 1337 3283 ut
1353 3242 1460 3311 neque

285 3320 422 3411 intelligi
452 3345 557 3413 neque
579 3324 741 3389 emendari
766 3323 872 3412 possit.
921 3322 1009 3387 Haec
1034 3327 1144 3388 omnia
1168 3323 1266 3393 homo
1287 3326 1459 3414 perdoctus

286 3442 508 3515 composuerat
538 3451 611 3495 cum
640 3430 712 3495 loco
736 3430 918 3504 -Prrronrs,
952 3428 984 3491 in
1014 3450 1079 3517 quo
1107 3429 1187 3493 illud
1212 3430 1316 3518 ipsum
1339 3432 1460 3510 inerat,

287 3529 375 3601 νννδῗρ
399 3530 456 3607 μέν
486 3545 518 3597 et
546 3539 596 3599 νῦν
616 3535 647 3598 δι’
668 3535 752 3598 inter
772 3557 803 3597 se
826 3533 981 3621 opposita.
1030 3532 1122 3597 Dabo
1145 3534 1253 3599 locum
1274 3534 1327 3599 sed
1349 3558 1459 3600 ernen-

263 3631 407 3725 'datum
441 3637 557 3716 Νόμοις
579 3640 633 3728 (de
654 3640 796 3729 legibus
817 3638 873 3702 lll.
892 3663 924 3727 p.
950 3641 1015 3704 683
1037 3640 1079 3721 Ε.)
1102 3639 1118 3714 ἢ
1146 3642 1234 3714 νυνδὴ
1258 3641 1316 3718 μὲν
1340 3641 1459 3713 τούτοις

284 3737 506 3817 περιτυχόντες
522 3753 585 3815 τοῖς
605 3744 711 3822 λόγοις
727 3742 803 3808 οὕτω
817 3746 910 3807 ταῦτ’
926 3742 1080 3819 ἐτίθεμεν,
1097 3748 1148 3806 νῦν
1166 3744 1193 3808 δ’
1211 3745 1458 3821 εὀτιλελνόμεθα.

284 3839 439 3908 Scholion
459 3847 642 3938 antiquum,
659 3848 743 3913 unde
764 3846 843 3912 haec
864 3846 969 3912 omnia
987 3847 1099 3923 sumsi,
1119 3847 1266 3913 Punrrus
1283 3871 1355 3913 cum
1374 3849 1461 3913 mul·

283 3946 324 4010 tis
354 3947 423 4012 aliis
451 3950 482 4015 in
509 3952 617 4017 Lerici
638 3954 685 4018 sui
706 3953 895 4042 farraginem
918 3953 1053 4041 recepit,
1083 3952 1168 4018 unde
1193 3952 1316 4019 Suruas
1339 3954 1461 4021 descri-

280 4051 347 4142 psit
370 4076 397 4119 v.
418 4060 468 4120 νῦν
487 4057 534 4132 δή.
564 4058 775 4123 Utilissimum
796 4070 842 4123 est
865 4058 952 4148 quod
975 4058 1208 4125 Grammaticus
1229 4058 1353 4125 addidit
1373 4062 1404 4124 ἕν
1428 4061 1460 4126 δὲ

278 4166 345 4231 τοῖς
373 4158 490 4237 Νόμοις
524 4164 745 4241 διαλελυμένον
777 4163 876 4243 εἴρηκε
910 4164 945 4227 τὸ
971 4163 1028 4238 μὲν
1062 4168 1128 4225 νῦν
1155 4163 1205 4226 ἐπὶ
1229 4169 1284 4228 τοῦ
1308 4164 1458 4245 παρόντος

279 4258 448 4342 χρόνοντὸ
476 4265 506 4329 δὲ
533 4267 574 4341 δὴ
602 4264 652 4330 εὀτθ
678 4267 859 4343 συνδέσμου.
886 4264 920 4337 ὃς
945 4268 983 4339 δὴ
1008 4263 1158 4330 πιόντων
1186 4273 1255 4331 τῶν
1280 4269 1458 4343 πολέμιον

281 4369 585 4446 χαλεπώτατος,
608 4369 650 4443 θός
671 4377 802 4451 φαμεν
823 4375 930 4449 ἡμεῖς
952 4376 1013 4435 νῦν
1033 4373 1091 4449 δή,
1116 4372 1461 4463 delegg.l.p.629n.

281 4471 337 4535 ubi
357 4472 464 4539 editur
483 4474 619 4557 ἔφαμεν.
669 4475 838 4564 Perspicua
856 4476 941 4541 enim
963 4475 1057 4540 docet
1079 4479 1276 4543 coniunctim
1295 4498 1362 4542 csse
1381 4474 1460 4541 scri·

281 4578 426 4646 bendum
446 4580 554 4655 νννδθ,
581 4579 637 4653 ubi
656 4578 812 4667 significat
831 4579 960 4660 οθρτιίος,
986 4578 1091 4656 όλθγον
1109 4578 1296 4661 ἔμπροσθεν,
1323 4592 1355 4647 et
1374 4580 1460 4648 divi·

279 4683 341 4747 sim
364 4690 414 4749 νῦν
437 4687 472 4762 δή
498 4686 552 4751 ubi
575 4692 625 4751 νῦν
646 4685 783 4751 nativam
808 4685 868 4752 rim
893 4695 1014 4763 serrat,
1038 4706 1134 4774 quam
1156 4685 1270 4752 rocula
1291 4688 1326 4762 δή
1354 4686 1461 4754 inten-

1232 4803 1261 4841 tt
