3767 5717
869 610 934 673 249
1021 632 1026 639 ·

308 807 477 879 Bonosth.
505 807 523 890 §
555 807 607 871 56.
635 814 667 873 et
694 805 780 871 alibi.
827 802 865 869 ln
897 802 1056 871 Lucuuoo
1081 812 1202 907 οοκὶνοι
1226 805 1341 873 Leoer.
1368 808 1484 891 5102.

305 916 374 981 sal*
406 910 521 986 ἕκοίτην
555 912 783 993 πενταετηρίδα
817 910 921 977 scriba
953 914 1158 995 πεντετηρίδα
1189 925 1222 980 et
1249 913 1366 1005 passim
1397 926 1486 980 certo

303 1124 471 1197 κονταέτης
491 1120 563 1187 sim.
584 1143 644 1211 pro
660 1122 786 1197 δεκέτης
803 1134 864 1188 etc.
881 1121 1063 1189 Locuturr
1077 1123 1111 1189 iu
1126 1146 1163 1189 ea
1178 1148 1212 1191 re
1228 1148 1293 1190 nou
1308 1124 1483 1191 deseruisse

303 1251 397 1294 usum
426 1240 564 1294 veterem
594 1238 747 1293 monstrat
774 1228 849 1295 felix
870 1229 984 1295 vitium
1005 1231 1209 1307 commissum
1232 1234 1291 1308 66,
1315 1234 1369 1296 39.
1386 1231 1481 1298 iacal·

302 1336 361 1407 διος
384 1335 463 1418 γὰρ,
486 1332 591 1413 οἶμαι,
617 1356 664 1407 τοι,
690 1338 706 1410 η
729 1337 831 1416 οίρχη,
858 1358 922 1401 uon
955 1347 1031 1401 suut
1052 1335 1201 1428 suspicati
1222 1336 1399 1425 significare
1420 1358 1482 1401 sex

302 1440 493 1505 stadiorum
511 1450 543 1503 et
561 1437 761 1528 reliquerunt
780 1440 985 1522 inviolatum,
1002 1441 1088 1508 uude
1106 1442 1246 1514 ἒκςοίδιος
1262 1442 1406 1531 elapsum
1424 1452 1482 1507 est.

303 1546 408 1612 Etiam
430 1556 536 1610 nostro
555 1543 626 1609 loco
644 1546 880 1613 πεντεταδιαῒον
901 1545 999 1612 habet
1017 1545 1139 1637 aliquid
1157 1545 1308 1637 praesidii
1325 1548 1357 1613 iu
1374 1547 1480 1626 libris,

302 1650 358 1717 red
377 1649 459 1715 nihil
478 1650 512 1714 iu
531 1647 714 1714 huiusmodi
731 1648 810 1714 locis
823 1648 1005 1741 indigemus
1020 1674 1059 1717 eo
1074 1651 1207 1716 tibicine
1214 1663 1266 1729 ‚et
1277 1652 1363 1742 quod
1380 1651 1479 1717 semel

303 1757 464 1823 constabit
484 1756 694 1821 necessarium
716 1777 782 1820 esse
803 1777 909 1847 neque
929 1758 1066 1849 eripient
1083 1757 1205 1823 scribae
1221 1780 1328 1847 neque
1349 1759 1374 1823 si
1393 1755 1482 1822 ultro

302 1862 380 1928 dant
403 1882 597 1951 magnopere
621 1860 813 1927 curabimus.

345 1967 384 2035 lu
413 1968 497 2033 libro
527 1966 668 2032 secundo
698 1970 759 2045 27,
794 1974 822 2033 5.
852 1970 1051 2050 καθεωρῶμεν
1081 1970 1213 2050 λιμένας
1245 1973 1381 2043 πολλοὺς
1406 1973 1474 2051 περὶ

302 2078 412 2140 πᾶσαν
437 2072 604 2144 οὶκλύςονς.
651 2071 688 2137 ln
719 2070 880 2138 hocloco
906 2075 1044 2141 eundem
1069 2077 1171 2141 erravi
1199 2098 1354 2154 errorem,
1379 2098 1477 2167 quem
1538 2152 1546 2165 .

302 2178 465 2245 Vanusros
492 2177 525 2242 in
554 2177 659 2245 Brona
689 2176 812 2246 Gnnrs.
838 2179 982 2247 Emend.
1001 2179 1043 2247 ll.
1065 2185 1118 2247 26.
1141 2180 1320 2249 Credebam
1339 2180 1476 2249 ίοκλυτον

301 2285 416 2363 λιμένα
431 2288 498 2351 e'sse
518 2308 615 2375 quem
624 2285 757 2373 fluetus
776 2310 841 2353 non
859 2288 1009 2366 alluunt,
1029 2289 1139 2379 itaqua
1161 2285 1336 2352 absurdum
1355 2307 1423 2351 esse
1442 2283 1476 2349 ni

301 2390 469 2457 rideantur
488 2396 642 2456 traxisse
662 2396 773 2457 siccas
791 2394 968 2458 machinae
982 2398 1123 2458 carinas
1134 2392 1166 2457 iu
1178 2404 1318 2482 portum.
1342 2392 1473 2457 Meliora

302 2517 355 2561 mc
385 2496 493 2563 docuit
519 2498 721 2563 Wrssrrna
750 2498 789 2563 ad
821 2498 918 2565 Droo.
948 2497 1015 2565 Src.
1043 2498 1169 2563 duobus
1189 2496 1267 2562 locis
1286 2493 1346 2562 Ill.
1368 2500 1421 2561 44.
1442 2506 1476 2559 et

301 2599 457 2691 imprimis
489 2600 588 2668 xtfl.
619 2606 693 2668 104.
720 2603 776 2668 ubi
801 2602 923 2670 ridebis
941 2603 1078 2673 οίκλντον
1102 2603 1217 2682 λιμένα
1237 2623 1417 2680 comesse,
1440 2600 1475 2665 in

295 2712 367 2795 'quo
393 2707 525 2795 fluctus
554 2733 619 2775 non
647 2714 849 2789 exorientur,
881 2734 945 2801 qua
973 2732 1037 2775 non
1068 2720 1114 2775 est
1142 2707 1203 2772 alia
1234 2707 1328 2772 statio
1357 2705 1478 2771 carinis·

300 2811 411 2879 tutior.
457 2812 547 2878 Nihil
578 2812 641 2879 huo
671 2814 832 2880 faciebant
861 2815 987 2893 λιμένες
1018 2812 1134 2881 κλειτοί
1165 2811 1219 2876 καὶ
1244 2810 1404 2888 ίικλειςοι,
1432 2810 1473 2876 de

300 2917 416 3006 quibus
437 2930 572 3008 uterque
591 2918 819 3008 cogitabamus.
852 2918 968 2984 Melius
987 2917 1068 2982 mihi
1083 2939 1132 2982 res
1149 2916 1241 2981 cessit
1257 2916 1291 2980 in
1305 2912 1471 2994 Seuerou,

297 3020 333 3086 in
362 3022 452 3088 cuius
481 3024 621 3115 Perr'plo
654 3024 759 3113 (Turn.
790 3023 816 3089 Ι.
845 3048 876 3115 p.
905 3026 959 3090 22.
985 3024 1018 3089 in
1043 3022 1193 3087 Hoosour
1221 3020 1340 3111 Geogr.
1365 3022 1470 3105 Min.)

295 3127 412 3218 legitur
441 3128 543 3210 Ποίρος
568 3128 706 3208 ’λιμένας
738 3129 859 3209 ἔχοντα
889 3130 957 3204 διίο,
984 3125 1021 3194 ὧν
1046 3130 1099 3194 τὸν
1125 3124 1181 3191 ἕνα
1203 3127 1338 3201 κοίίιςον,
1360 3128 1473 3193 iuleli-

297 3236 377 3302 citer
403 3234 512 3300 editor
538 3234 689 3304 κοίλλιεον
709 3235 859 3314 coniecit,
889 3234 922 3301 iu
948 3238 1171 3299 KnercToN
1192 3230 1335 3322 pellucet
1353 3242 1472 3303 ΚΛΕΙ-

298 3350 436 3421 CTON,
463 3338 596 3409 κλειςίν.
646 3338 684 3403 ln
705 3346 723 3428 §
743 3343 773 3405 7.
797 3347 1002 3421 κατηγορεῖτο
1025 3340 1052 3405 δ’
1069 3339 1165 3403 αὐτοῦ
1187 3336 1234 3402 ὅτι
1261 3342 1392 3418 μεμήνοι
1415 3342 1470 3407 καὶ

294 3449 403 3513 ἑαυτὸν
436 3444 622 3524 οίποκτοίνοι,
647 3444 726 3511 haee
751 3459 797 3511 est
823 3446 992 3510 meliorum
1018 3442 1173 3508 librorum
1195 3443 1291 3508 lectio
1311 3445 1468 3526 deterior;

294 3552 402 3618 minus
422 3550 548 3643 probati
567 3564 693 3619 servant
712 3574 817 3619 veram
833 3551 1017 3628 ἀπεκτόνοι,
1036 3570 1131 3639 quam
1147 3571 1165 3611 a
1180 3548 1341 3643 Bruxuno
1356 3572 1470 3640 recep·

297 3673 364 3726 tam
393 3658 551 3749 oportuit:
579 3658 750 3724 incurriset
780 3659 885 3723 miuus
916 3656 1088 3745 diligenter
1114 3664 1195 3719 esset
1215 3653 1356 3733 dictum,
1380 3655 1468 3744 quod

295 3764 435 3833 ostendit
461 3764 607 3843 μεμήνοι,
638 3786 695 3854 pro
724 3787 788 3854 quo
807 3762 919 3843 μανείη
942 3760 1093 3827 substitui
1114 3781 1179 3824 non
1200 3758 1309 3849 possit.
1344 3760 1472 3827 Attico·

292 3897 365 3940 rum
397 3884 538 3939 veterum
566 3871 763 3937 consuetudo
793 3869 935 3962 postulat
965 3866 1116 3949 μεμηνοίη
1145 3876 1178 3930 ct
1208 3866 1410 3940 α’πεκτονοίη,
1433 3879 1470 3932 ut

292 3977 503 4061 πεφενγοίην,
528 3976 703 4053 λεληίοίην,
729 3976 919 4055 πεποιθοίην,
941 3971 1153 4051 κατεαγοίην,
1177 3971 1414 4050 προεληλυθοίης
1433 3973 1468 4038 in
1510 4046 1517 4056 ⁴

298 4082 420 4174 Cyrop.
452 4080 493 4146 ll.
521 4099 566 4146 ιν.
589 4084 639 4145 17.
661 4081 732 4148 alia.
766 4080 929 4146 Addume
952 4078 1102 4145 (insarno
1123 4097 1241 4152 unum,
1266 4085 1302 4139 ut
1322 4075 1467 4166 lepidum

295 4187 486 4257 versiculum
519 4186 596 4254 sitio
624 4186 758 4251 liberem
779 4199 810 4252 et
832 4186 947 4252 luciam
969 4196 1005 4250 ut
1025 4180 1163 4271 intelligi
1181 4180 1289 4273 possit.
1336 4181 1470 4273 Legitur·

291 4296 376 4389 apud
403 4288 530 4360 Arban.
548 4291 626 4356 ‘Vll
649 4318 681 4383 p.
709 4298 784 4372 305,
808 4312 838 4358 u.

442 4399 557 4481 τρίγλη
583 4400 608 4463 δ’
633 4402 658 4464 εἰ
683 4400 740 4477 μὲν
765 4397 916 4475 ἐδηδοκοίη
942 4396 1045 4462 riviro
1068 4391 1149 4463 orric
1168 4392 1285 4473 οίνδρίς.

236 4538 239 4547 ’
290 4502 440 4580 ἐδηδοκοίη
472 4503 623 4570 Ponsouo
652 4503 789 4570 debetur
817 4526 876 4595 pro
903 4500 1035 4577 ἐδηδίκοι
1066 4500 1102 4579 ἢ,
1137 4498 1191 4567 sed
1224 4496 1368 4563 noudum
1394 4522 1467 4565 seu-

291 4608 389 4674 tentia
414 4608 499 4675 salsa
523 4620 579 4674 est.
613 4608 712 4699 Lege:

412 4712 544 4795 τρίγλην
567 4714 594 4780 δ’
618 4716 643 4779 εἰ
667 4715 724 4793 μὲν
747 4712 899 4789 ἐδηδοκοίη
923 4716 950 4779 ’ν
973 4711 1076 4778 riviro
1099 4710 1181 4782 ruis
1203 4707 1320 4789 ἀνδρί.

1229 4827 1259 4865 Η
