3767 5717
860 599 928 668 268

304 814 338 866 λ.
369 793 502 864 eandam
531 791 695 874 trahente,
716 803 754 860 nt
780 793 815 859 in
842 793 1001 862 vocabulo
1029 792 1197 862 decurtati
1215 795 1314 864 moria
1331 805 1393 862 est:
1417 795 1486 888 ipsa

307 904 463 972 sententia
482 914 538 968 ant
557 900 712 968 articulus
731 900 887 966 indicium
908 901 986 966 lacit
1007 901 1170 992 quomodo
1190 903 1230 968 sit
1250 926 1399 995 quaeque
1417 903 1485 970 ior-

303 1035 355 1078 ma
385 1009 557 1102 explenda:
590 1006 656 1074 novi
687 1008 782 1074 facile
809 1019 962 1098 peccatur
993 1008 1026 1073 in
1057 1009 1210 1088 caeteris,
1241 1010 1275 1076 iu
1306 1010 1486 1078 accusativo

305 1118 457 1184 solemnis
479 1138 566 1182 error
585 1126 641 1181 est.
680 1113 792 1180 llabeo
814 1114 855 1178 ob
879 1114 990 1181 oculos
1011 1115 1184 1205 scripturas
1206 1115 1325 1182 codicis
1342 1116 1487 1182 Floren-

305 1229 388 1303 ta'm',
423 1245 488 1313 qno
519 1221 702 1286 tanancar
729 1224 801 1286 vita
829 1221 1049 1310 Pythagorae
1079 1220 1281 1300 continetur,
1311 1221 1367 1310 qui
1386 1221 1487 1304 liber,
1519 1311 1522 1322 Ι

306 1341 342 1395 ιιι
370 1351 465 1419 supra
495 1328 653 1404 diximus,
686 1326 866 1392 communis
896 1337 944 1391 est
970 1326 1057 1414 origo
1082 1338 1115 1391 et
1138 1327 1210 1392 lons
1229 1325 1486 1416 apographorum
1563 1391 1564 1394 ,

304 1435 470 1512 omnium,
503 1432 590 1498 unde
618 1431 652 1496 id
684 1454 764 1521 opus
793 1442 826 1496 et
851 1430 975 1498 editum
996 1443 1035 1496 -et
1058 1443 1238 1498 correctum
1264 1442 1320 1498 est.
1368 1431 1486 1512 Horrea

306 1552 395 1607 totns
423 1541 508 1606 liber
536 1538 736 1629 compendiis
764 1549 796 1604 et
828 1536 992 1604 vocabulis
1015 1537 1183 1616 truncatis,
1207 1537 1242 1602 in
1266 1536 1383 1627 quibus
1404 1537 1487 1604 hene

306 1646 427 1713 Graece
457 1644 633 1711 scientibus
661 1643 743 1709 nihil
776 1656 823 1709 est
844 1643 1085 1734 impedimenti,
1113 1655 1147 1709 at
1170 1642 1318 1710 ridentur
1336 1641 1423 1708 haud
1441 1643 1487 1708 ita

305 1751 403 1818 multi
421 1775 488 1818 esse
507 1763 562 1816 ant
583 1751 700 1828 luisse,
726 1752 781 1840 qui
803 1749 885 1815 bene
906 1750 1025 1816 Graece
1041 1751 1155 1848 poiant.
1178 1750 1225 1816 lle
1244 1751 1375 1816 caeteris
1396 1772 1486 1818 corn·

303 1856 431 1949 pendiis
463 1856 578 1946 optimi
597 1855 673 1920 libri
693 1867 726 1922 et
747 1856 917 1924 verissimis
938 1857 1132 1924 lectionibus
1151 1869 1183 1924 et
1201 1857 1387 1924 lacunarum
1408 1879 1486 1948 sup-

305 1962 478 2053 plementis
515 1961 736 2052 compluscula
767 1984 861 2053 snpra
891 1963 1041 2053 apposni,
1063 1974 1200 2038 ¹caetera
1228 1961 1306 2027 alias
1335 1960 1485 2028 daturus:

304 2090 393 2133 nnnc
412 2091 513 2134 unum
536 2080 660 2134 tantum
680 2090 885 2158 expromam,
905 2068 980 2158 quia
1001 2069 1200 2159 praeclarum
1219 2078 1314 2134 estet
1330 2067 1488 2159 praeclari

306 2173 461 2254 auctoris,
480 2176 703 2252 hursroxxttr,
725 2175 832 2258 §234.
852 2173 909 2237 nbi
929 2174 1070 2263 primum
1091 2196 1151 2264 pro
1171 2173 1200 2240 ei
1219 2197 1267 2246 rra
1293 2175 1487 2256 aregisilum«

305 2282 419 2354 αὐτοὺς
455 2282 500 2353 εἷς
529 2280 630 2363 φορὰν
666 2279 734 2367 (alii
763 2278 944 2366 συμφοράν)
973 2281 1145 2362 ἀξιόχρεον
1175 2280 1208 2346 in
1233 2278 1409 2370 archetypo
1438 2289 1486 2346 est

306 2387 349 2458 sia
373 2384 475 2467 φόβον
495 2385 678 2466 ἀξιόχρεων.
714 2384 845 2472 Syllaba
865 2389 908 2467 Φο
929 2384 1026 2451 habet
1043 2387 1289 2477 superscriptam
1308 2386 1487 2452 litterulam

305 2489 330 2567 β
361 2490 562 2579 perexiguam
594 2512 631 2554 ea
658 2490 778 2568 forma,
811 2512 894 2579 quoe
924 2513 947 2554 u
974 2491 1072 2556 refert
1100 2514 1172 2557 cum
1194 2503 1328 2556 accentu
1347 2492 1486 2582 gravior

308 2593 528 2683 significante:
545 2592 621 2659 hinc
639 2606 735 2660 natus
756 2617 845 2660 error
864 2607 922 2662 est.
969 2595 1093 2661 Deinde
1113 2621 1172 2687 pro
1192 2600 1406 2680 συνταχθῆναι
1432 2595 1484 2664 e'rrl

305 2699 377 2769 τοὺς
400 2699 468 2780 περὶ
493 2697 620 2762 Φιντνάν
641 2699 778 2764 ἐναντίον
803 2723 839 2764 τε
864 2701 936 2765 τινα
961 2707 1020 2766 νῶν
1047 2702 1229 2784 κατηγόρεον
1250 2705 1347 2770 αὐτοῦ
1372 2705 1486 2783 εἰπεῖν,

308 2799 417 2868 Codex
447 2800 652 2867 dursroxxrtl
670 2824 801 2868 manum
823 2805 959 2872 serravit
983 2804 1080 2872 hanc:
1105 2809 1318 2889 συνταχθῆναι
1340 2807 1390 2873 a'rrl
1412 2808 1485 2880 coita

304 2908 374 2988 περὶ
404 2905 531 2971 Φανίαν
562 2907 669 2986 dorios
705 2908 831 2990 roxo'oia.
871 2912 1171 2993 μεταπεμψάμενος
1202 2913 1215 2976 ὁ
1242 2914 1400 2986 Διονύσιος
1422 2910 1485 2993 ἔφη

305 3013 359 3078 τὸν
392 3010 519 3076 Φνντίαν
545 3022 555 3060 ¹
586 3012 722 3079 ἐναντίον
749 3013 785 3078 τέ
811 3037 884 3079 τινα
914 3021 974 3079 τῶν
1003 3015 1204 3098 κατηγόρων,
1234 3017 1350 3106 quibus
1380 3015 1487 3084 serbis

308 3114 438 3184 historia
459 3115 656 3182 nobilissima
669 3117 821 3184 Dertonae
837 3130 870 3186 et
888 3120 1053 3188 Pnrrtrran
1073 3143 1142 3187 eam
1162 3122 1296 3188 formam
1309 3123 1430 3202 induit,
1450 3133 1487 3192 ut

306 3245 378 3288 eam
404 3244 512 3289 veram
544 3245 612 3290 essa
641 3223 879 3314 intelligamus,
908 3249 1011 3317 eaque
1031 3226 1099 3318 ipse
1120 3227 1349 3295 dursroxuvus
1370 3232 1389 3315 §
1410 3231 1488 3296 233.

306 3329 500 3406 διακηκοέναν
532 3330 613 3411 Φησὶ
648 3330 808 3395 Διονυσίου
833 3337 888 3396 τοῦ
919 3332 1071 3406 Σικελίας
1101 3333 1247 3414 τυραννον
1272 3328 1325 3398 ὅτε
1347 3333 1486 3400 ἐκπεσὼν

307 3442 365 3508 τῆς
393 3431 569 3513 μοναρχίας
598 3433 784 3513 γράμματα
812 3437 843 3499 ἕν
873 3437 1001 3517 Κορίνθῳ
1030 3435 1207 3521 ἐδίδασκεν,
1232 3459 1296 3526 quo
1318 3437 1487 3506 meliorem

309 3546 422 3602 testem
444 3559 540 3600 nemo
559 3537 711 3626 requiret.
756 3537 795 3602 ln
825 3537 887 3603 hoc
910 3540 1010 3628 igitur
1028 3539 1166 3619 Codice,
1186 3554 1221 3606 ut
1243 3543 1275 3606 in
1297 3542 1368 3610 aliis
1389 3541 1488 3632 paulo

209 3677 213 3682 ·
309 3638 559 3730 antiquioribus,
578 3641 824 3733 compendium,
835 3643 922 3732 quod
939 3643 1019 3722 dixi,
1033 3644 1203 3734 aliquoties
1223 3659 1373 3738 apparet,
1389 3645 1488 3714 modo

308 3757 395 3811 recte
421 3745 541 3811 lectum
561 3749 769 3831 Ἀπόλλωνα,
786 3748 883 3815 ιιιοιΙο
902 3750 1100 3840 negligenter
1119 3752 1279 3819 Ἀπόλλω.
1315 3754 1488 3844 Perperam

312 3858 330 3941 §
349 3855 381 3918 7.
402 3851 614 3942 descriptores
633 3851 793 3918 dederunt
813 3863 857 3938 τῇ,
873 3857 1034 3938 neptam
1053 3854 1125 3922 τότε
1142 3866 1275 3937 μιγῆναι
1298 3859 1351 3924 τὸν
1367 3856 1450 3924 ’Λπό
1471 3893 1487 3910 -

309 3973 353 4023 λα
378 3960 447 4044 et§
471 3963 530 4036 52,
550 3965 611 4038 53,
634 3964 715 4039 135,
737 3963 814 4039 tto,
834 3971 921 4026 recte
942 3967 960 4051 §
981 3966 1055 4028 152.
1074 3963 1352 4041 μαννεύεοδαονὸν
1367 3962 1488 4032 Ἀννάλι-Ι

308 4076 412 4140 λοννα,
444 4062 565 4152 ubique
588 4063 623 4129 in
652 4063 771 4130 Codice
801 4064 913 4131 eadem
937 4079 985 4133 est
1014 4069 1187 4158 scriptura,
1220 4091 1302 4159 quae
1330 4067 1407 4135 item
1428 4089 1487 4157 ap-

221 4180 224 4184 ’
309 4179 400 4257 paret
430 4172 448 4255 §
479 4167 554 4234 136.
588 4173 643 4233 τοῦ
670 4171 701 4235 ἐν
730 4171 945 4253 ’Ὑπερβορέοις
969 4155 1096 4249 aetii,
1122 4174 1156 4238 in
1182 4196 1245 4263 qua
1270 4173 1397 4265 peccari
1420 4194 1487 4239 non

308 4284 445 4366 poterat
491 4274 591 4340 Attici
622 4287 806 4342 constanter
834 4277 985 4343 dicebant
1021 4280 1055 4353 νὴ
1092 4279 1144 4344 τὸν
1173 4279 1336 4353 Ἀπόλλω,
1370 4279 1404 4353 νὴ
1433 4277 1486 4342 τὸν

308 4374 465 4454 Ποσειδῶ,
485 4391 572 4445 extra
590 4380 814 4446 iusiurandum
834 4383 900 4448 fere
920 4384 1111 4450 Ἀπόλλωνα
1135 4396 1167 4449 et
1190 4386 1385 4460 Ποσειδῶνα,
1407 4402 1488 4472 quas

310 4486 428 4554 formas
453 4487 604 4555 Luctano
627 4489 749 4580 ubique
772 4488 951 4556 reddendas
975 4513 1042 4556 esse
1065 4511 1192 4556 censeo.

342 4631 363 4700 ¹)
378 4637 452 4688 Haec
466 4645 503 4688 est
517 4638 596 4703 proba
610 4640 635 4686 et
649 4634 762 4698 genuina
775 4633 857 4684 torma
869 4633 960 4686 Graeci
976 4635 1099 4694 nominis,
1121 4623 1190 4698 qn‘od
1203 4631 1247 4682 alii
1260 4629 1334 4682 aliter
1348 4630 1487 4695 depravant

308 4717 442 4772 111er
460 4721 539 4773 m.
558 4727 599 4775 10.
617 4721 645 4774 in
665 4719 793 4770 Φαντίαν
809 4719 885 4782 abiit,
902 4720 945 4771 eni
963 4718 1082 4770 Φοντῦαν
1098 4717 1264 4770 reddendum.
