3767 5717
948 545 1014 612 288

395 763 454 805 τοο
475 740 547 821 ἔλθῃ
569 737 767 803 confidenter
784 737 903 805 ridebis
922 750 1128 828 reponentes,
1151 737 1288 817 addunt,
1309 735 1443 806 demunt
1459 739 1568 830 quod-

398 845 478 910 libet
506 858 537 910 et
567 847 761 937 interpolant
790 860 821 913 et
851 845 964 912 sitiant
993 844 1146 910 arbitratu
1174 867 1231 910 suo
1260 843 1418 935 quidquid
1443 845 1480 910 iis
1500 868 1568 910 non
1607 833 1614 839 ’

398 954 472 1017 satis
493 955 573 1018 bene
593 965 648 1018 aut
667 953 834 1018 commode
856 953 980 1018 dictum
1001 951 1133 1018 videtur.
1182 950 1314 1042 Siquid
1334 951 1371 1016 iis
1394 949 1569 1016 absurdum

398 1057 525 1124 ridetur
551 1071 706 1124 annotant
733 1059 869 1137 siaonia,
906 1057 993 1149 quod
1024 1058 1217 1124 vocabulum
1245 1059 1278 1122 in
1308 1059 1467 1122 lntsrtur
1495 1077 1570 1122 cum

400 1165 498 1229 serbo
520 1167 684 1248 σοφίζεται
704 1165 749 1229 ita
778 1165 985 1230 coniunctum
1007 1177 1068 1243 est,
1090 1176 1126 1228 ut
1148 1163 1246 1246 σοφθοο
1271 1163 1433 1245 λογίζεται
1458 1185 1570 1228 nasce·
1634 1217 1636 1226 ,

399 1282 496 1335 retur.
534 1271 613 1335 tide
645 1269 795 1336 Csnrnnr
823 1258 1009 1360 Syntagma
1033 1271 1075 1334 dc
1093 1273 1226 1336 radone
1246 1267 1443 1334 emendandi
1465 1290 1497 1356 p.
1519 1270 1572 1332 49.

357 1393 360 1399 ·
398 1375 435 1440 ln
466 1376 623 1442 ttromsn
645 1376 762 1442 Hnnlc.
785 1374 809 1441 l.
833 1379 883 1440 lt.
915 1399 975 1465 pro
996 1375 1255 1456 οἰκοφθορηθεῖσαι
1284 1375 1318 1437 in
1344 1370 1509 1438 nonnullis
1529 1370 1572 1434 li·

400 1481 465 1546 bris
493 1495 541 1546 est
562 1480 806 1563 οἷκοφθοβοθρρωο
830 1480 985 1560 dadsisas,
1018 1477 1104 1544 unde
1124 1490 1217 1544 natae
1237 1491 1310 1543 sunt
1335 1478 1508 1568 scripturae
1528 1477 1570 1540 ei·

400 1585 552 1667 κοςθθθρωο
574 1585 775 1667 βαρυθεῖοοοο,
797 1581 977 1663 οἰκοφθόρον
1002 1585 1186 1664 βοροθεῖσοοι
1212 1596 1245 1648 et
1267 1583 1473 1653 Reisltianum
1494 1583 1574 1648 oino-

399 1689 516 1770 φθθρωο
544 1689 762 1768 μορονθεῖσοοι.
812 1685 875 1751 llas
892 1688 1000 1754 turbas
1016 1689 1164 1753 innoxius
1183 1690 1225 1755 Μ.
1246 1689 1431 1754 Tunuttutus
1452 1688 1572 1752 Vttttto

402 1793 508 1870 dedit,
540 1793 596 1882 qui
626 1791 772 1855 laudatus
798 1792 830 1855 iu
860 1793 1004 1881 sequenti
1036 1805 1126 1860 versu
1151 1806 1182 1859 et
1206 1794 1240 1858 in
1261 1795 1402 1884 margine
1422 1793 1571 1858 demere

401 1910 528 1963 notatus
548 1898 631 1961 inter
650 1899 771 1979 οἰκοφθο
789 1935 835 1946 —-
859 1909 890 1962 et
910 1899 1047 1978 ρηθεῖοοι
1072 1899 1307 1966 incommodam
1334 1912 1366 1964 et
1387 1897 1571 1963 indecoram

401 2004 509 2068 sedem
538 2001 721 2090 occuperit3
754 2013 785 2066 et
813 2025 926 2092 magna
953 2015 1001 2068 est
1025 2005 1137 2070 talium
1162 2007 1265 2096 copie.
1312 2005 1434 2072 Melum
1453 2002 1515 2068 hoc
1535 2001 1571 2066 iu

400 2108 489 2173 libris
520 2106 681 2172 crescebat
713 2106 745 2170 in
775 2107 875 2185 diem,
907 2119 939 2172 et
970 2121 1017 2173 ut‘
1035 2109 1237 2200 quisque‘est
1266 2109 1499 2190 recentissimus
1527 2105 1571 2168 ite

402 2212 661 2276 mendosissimus
685 2234 751 2276 esse
777 2212 876 2292 solet,
902 2213 955 2277 sed
976 2214 1086 2278 nullus
1108 2227 1154 2282 est
1174 2217 1309 2306 scriptus
1330 2215 1411 2280 liber
1433 2224 1496 2277 tarn
1516 2231 1571 2274 re»

402 2330 469 2396 tus,
495 2331 558 2382 tam
577 2319 696 2398 bonus,
720 2320 798 2409 quin
819 2317 954 2384 eandem
976 2319 1083 2386 labem
1103 2321 1180 2388 olim
1200 2322 1346 2399 senserit,
1367 2342 1464 2410 quam
1485 2315 1572 2384 ride·

402 2447 473 2490 mus
502 2425 536 2489 in
564 2425 765 2515 sequioribus
789 2449 914 2516 semper
933 2426 1131 2515 gliscentem.
1180 2427 1248 2494 lloc
1273 2429 1377 2517 ipsum
1398 2437 1505 2490 autem
1527 2431 1573 2484 est

403 2531 613 2596 certissimum
630 2534 886 2624 interpolationis
900 2535 1071 2614 indicium,
1087 2557 1188 2626 quum
1204 2535 1277 2599 libri
1293 2533 1489 2623 antiquiores
1500 2547 1573 2602 eum

403 2637 632 2703 recentioribus
661 2641 829 2730 compositi
856 2641 1056 2706 manifestam
1083 2641 1229 2706 fraudem
1255 2641 1377 2706 faciunt
1399 2650 1431 2704 et
1450 2634 1574 2700 addite-

402 2754 512 2807 menta
539 2742 658 2807 insulsa
687 2755 730 2808 et
748 2745 883 2834 puerilia
909 2747 1093 2836 sequiorum
1123 2759 1303 2836 temporum
1322 2741 1504 2824 omittendo
1524 2762 1575 2804 ar·

400 2861 513 2939 guunt.
562 2849 663 2932 Quam
693 2836 794 2915 inulta
819 2851 1011 2917 emblemata
1040 2851 1147 2918 Codex
1177 2853 1410 2918 Duuosrnttrtts
1436 2849 1574 2914 Parisi-

401 2979 465 3020 nus
486 2953 526 3032 S,
556 2965 636 3042 quot
657 2953 917 3044 interpolationes
938 2956 1040 3046 arguit
1061 2956 1169 3021 solus?
1195 2979 1291 3046 quarn
1312 2955 1413 3020 multa
1435 2953 1574 3018 Isoctts·
1627 3011 1630 3016 ,
1738 2977 1739 3000 i

403 3081 451 3127 rrs
468 3061 617 3127 Urbinas
632 3071 687 3124 sut
703 3060 852 3126 Bronten
862 3061 981 3128 Hauc.
998 3062 1080 3128 liber
1091 3061 1310 3129 Vaticanus?
1341 3062 1382 3126 At
1399 3057 1574 3151 plurimum

369 3191 377 3203 ·
406 3167 514 3244 abest,
550 3157 585 3227 ul
614 3162 675 3251 ipsi
704 3162 766 3228 sint
796 3163 863 3228 sine
892 3165 978 3229 vitiis
1002 3163 1250 3230 eiusdemmodi:
1277 3166 1415 3256 optimus
1434 3161 1489 3226 ille
1510 3169 1577 3236 est,

406 3271 462 3361 qui
490 3266 633 3333 minimis
651 3278 822 3354 urguetur:
853 3267 913 3333 hoc
934 3268 1073 3349 habent,
1104 3280 1138 3334 ut
1161 3271 1352 3336 emblemata
1372 3268 1521 3355 in'dagsre
1542 3275 1575 3328 et
1656 3269 1660 3276 '

407 3375 533 3441 odorari
564 3385 596 3438 et
625 3370 723 3438 certis¹
749 3374 888 3464 vestigiis
916 3374 1157 3464 deprehendere
1186 3388 1217 3441 et
1241 3375 1439 3464 deprehensa
1463 3369 1578 3438 tollere

407 3483 543 3548 doceant
564 3491 596 3547 et
616 3476 879 3545 animosacdanr
893 3481 947 3557 iis,
966 3479 1022 3569 qni
1042 3479 1179 3569 ineptias
1201 3501 1400 3568 concoquere
1420 3501 1483 3542 non
1500 3501 1577 3568 pos-

406 3589 479 3654 sint.
527 3584 635 3650 Palam
656 3583 778 3649 faciunt
805 3584 1076 3674 quemadmodum
1097 3586 1156 3650 ista
1179 3585 1394 3650 additamenta
1417 3585 1579 3666 oriantur,

409 3715 472 3782 qua
493 3688 566 3754 sede
586 3688 739 3752 libentius
759 3687 927 3768 haereant,
952 3701 987 3754 ut
1011 3713 1076 3757 sese
1096 3691 1258 3757 insinuent
1278 3703 1309 3757 et
1329 3690 1513 3758 clanculum
1533 3693 1578 3757 ir-

408 3808 539 3887 repant,
570 3805 602 3858 et
627 3817 741 3882 magna
754 3795 855 3884 'copia
876 3795 1022 3862 locorum
1041 3796 1283 3864 emendatorum
1303 3810 1396 3864 acuto
1422 3811 1454 3864 et
1478 3803 1580 3889 sagaci

410 3903 530 3970 Critico
551 3909 641 3964 notas
664 3899 815 3987 quasdam
836 3912 868 3965 et
889 3901 1006 3966 indicis
1028 3902 1211 3968 tenuissima
1230 3903 1284 3968 sod
1304 3915 1389 3968 certa
1408 3916 1582 3986 monstrat,

411 4008 528 4099 quibus
548 4017 654 4100 teneat
675 4005 819 4070 lraudem
840 4018 872 4071 et
891 4007 1004 4072 sciolos
1026 4009 1203 4074 convineat.
1249 4008 1342 4075 Docti
1366 4007 1512 4074 homines
1531 4012 1580 4076 ni-

410 4115 512 4180 mium
540 4110 704 4200 patienter
726 4111 881 4204 pleraque
908 4113 967 4178 ista
998 4112 1080 4178 ferre
1108 4114 1228 4178 solent:
1262 4111 1349 4202 quod
1373 4113 1527 4202 frigidum
1549 4129 1581 4183 et

408 4218 564 4285 insulsum
595 4227 641 4281 est
671 4216 774 4281 serbis
803 4219 968 4307 mitigant,
1003 4220 1099 4284 etiam
1127 4219 1205 4285 alibi
1236 4241 1302 4286 non
1330 4219 1493 4288 dissimilia
1516 4224 1598 4314 legi‘

412 4323 622 4402 contendunt,
638 4335 670 4388 et
686 4323 835 4388 omnibns
849 4324 954 4389 modis
969 4324 1002 4389 in
1020 4325 1271 4414 praeclarissimo
1287 4349 1417 4417 quoqne
1427 4330 1580 4420 scriptore

411 4434 538 4499 elevant
558 4442 589 4494 et
608 4441 771 4506 excusent,
796 4430 929 4527 quaein
951 4431 1013 4496 suis
1034 4432 1168 4522 quisque
1189 4431 1312 4524 seriptis
1332 4457 1508 4525 numquam
1527 4449 1578 4504 tu·

412 4540 540 4614 lissent,
558 4546 622 4622 ,aut
652 4535 759 4623 inepte
788 4537 924 4625 repetita
952 4550 1006 4602 aut
1035 4539 1201 4630 pueriliter
1222 4539 1385 4630 explicata.
1435 4543 1478 4610 Ut
1507 4557 1580 4610 sunt

413 4643 568 4732 cuiusque
600 4641 711 4707 Graeci
740 4641 906 4732 scriptoris
930 4644 1063 4712 Codices
1089 4647 1279 4737 antiquitate
1300 4659 1334 4714 'et
1356 4646 1421 4714 fide
1442 4651 1582 4718 multum
