3767 5717
1007 590 1073 653 376

447 787 615 870 ςρύγγυλα
644 783 795 852 haerebat
820 784 962 851 incertus
986 780 1183 850 Mxmxrxxus.
1229 779 1327 848 {labit
1347 782 1430 850 mihi
1448 807 1654 868 συςρογγυ-

446 893 561 976 λίζειν,
595 889 818 973 γογγυλίζειι,
851 892 1027 969 ύγκυλοῦν,
1062 887 1251 966 ἐξογκυλοῦν
1279 887 1379 955 serius
1404 887 1538 957 demum
1564 916 1651 959 esse

448 1009 532 1063 nata.
566 998 732 1063 Praeterea
751 992 828 1060 dedi
846 990 1077 1064 καταλιπόντος
1098 996 1155 1087 τού
1175 990 1293 1072 πατρός
1314 1016 1373 1082 prc
1391 996 1648 1072 καταλιπόντος

444 1127 497 1182 μοι
522 1107 576 1170 τοῦ
601 1099 729 1180 πατρός.
778 1097 873 1167 Docti
890 1095 1036 1163 homines
1056 1101 1111 1162 τοῦ
1131 1109 1372 1186 expunxerunt,
1395 1111 1427 1164 at
1447 1122 1644 1191 numquam

446 1207 479 1273 in
501 1207 618 1273 talibus
638 1206 742 1286 τατύρ
763 1225 821 1293 prc
841 1203 854 1267 ὃ
876 1203 980 1283 πατήρ
1000 1199 1081 1266 mihi
1099 1199 1238 1281 lectum,
1257 1203 1283 1268 si
1304 1204 1376 1294 quis
1393 1204 1514 1271 desua
1534 1218 1642 1296 patre

356 1347 360 1353 ·
444 1312 598 1403 loquitur.
646 1308 763 1376 Levius
793 1319 964 1400 peceatum
992 1305 1101 1374 estin
1131 1306 1312 1398 fragmento
1346 1312 1508 1378 hamme
1537 1313 1642 1403 apud

447 1417 573 1487 hanan.
596 1415 653 1483 IV.
678 1440 711 1505 p.
739 1417 812 1480 165.
836 1433 867 1480 a.

678 1518 886 1600 Ἐπιχαρίδης
911 1517 924 1582 ὅ
948 1517 1056 1599 μικρὸς
1079 1517 1110 1582 ἕν
1134 1515 1219 1583 πένθ’
1244 1517 1388 1600 ἡμέραις,

682 1629 821 1706 σφαῖραν
845 1622 971 1698 ἐποίησε
995 1620 1221 1704 rhenaugiae
1246 1622 1352 1689 οὐσίαν

682 1727 758 1796 ούτοι
783 1727 1055 1810 συνεςούγγυλλευ
1079 1728 1200 1805 ἰταμῶς
1223 1727 1277 1792 καὶ
1301 1730 1403 1810 ταχύ.

445 1835 533 1926 quod
562 1836 714 1902 Dmuoar
746 1855 783 1900 ex
811 1830 1003 1924 apographis
1032 1832 1153 1921 recepit
1181 1856 1240 1924 ege
1267 1833 1300 1898 in
1323 1833 1498 1924 archetypo
1520 1840 1635 1928 reperi

443 1941 705 2024 συνεςρύγγυλεν.
740 1941 922 2020 Γογγύλλει
948 1937 1071 2005 dixerat
1096 1938 1349 2011 laarorarsas
1370 1941 1404 2006 in
1431 1942 1633 2036 Thesmaqsh.

447 2068 491 2112 rs.
515 2050 568 2113 56.
716 2065 719 2068 “

758 2134 811 2200 καὶ
836 2142 1008 2219 κηροχυτεῖ
1028 2133 1082 2200 καὶ
1107 2135 1308 2216 γογγύλλει,

445 2253 566 2322 scribae
593 2257 641 2322 nil
669 2268 817 2325 curantes
845 2277 995 2322 numeros
1015 2256 1233 2345 anapaesticus
1252 2257 1390 2347 pessime
1410 2277 1523 2326 omues
1544 2283 1620 2340 γογ-

444 2360 567 2444 γυλίζει
596 2361 774 2441 dederunt,
806 2359 891 2451 quod
913 2361 1142 2431 Burrusrrus
1164 2375 1197 2428 et
1219 2362 1390 2431 Personas
1409 2379 1627 2434 correxerunt

446 2464 566 2532 Eadem
596 2491 692 2558 opera
718 2467 834 2558 corrigi
852 2478 1000 2558 poterant
1019 2465 1084 2534 duc
1104 2467 1187 2548 leci,
1210 2493 1292 2560 quos
1310 2471 1548 2561 praemisimus,
1567 2472 1628 2538 ubi

367 2623 371 2634 .
443 2569 678 2651 ξυγγογγύλας
701 2585 733 2639 et
752 2572 988 2651 συγγογγύλας
1009 2594 1120 2638 rerum
1139 2585 1172 2638 et
1190 2574 1367 2662 genuinum
1388 2587 1451 2654 est,
1468 2575 1522 2640 sed
1539 2577 1628 2644 male

444 2672 587 2740 adhaesit
606 2677 779 2768 utrobique
797 2674 933 2740 otiosum
954 2676 1284 2767 interpretamentum.
1309 2678 1403 2768 Apud
1423 2680 1629 2752 Husxcuxurr

443 2780 551 2846 editur
575 2791 807 2863 γογγυλεῖνι
844 2786 1028 2862 cus-pausis,
1056 2805 1115 2872 pro
1142 2784 1410 2864 γογγύλλεινι
1434 2789 1624 2873 συςρέφειν,

444 2886 521 2954 hinc
548 2888 587 2955 ad
615 2889 851 2969 συγγογγύλας
879 2886 1026 2954 adhaesit
1053 2889 1215 2972 ους-ρέψας
1237 2901 1364 2959 etcum
1381 2893 1438 2958 καί
1456 2905 1624 2985 receptum

440 3004 498 3060 est.
531 2993 695 3062 emenda:
714 2992 850 3075 μεγούλῳ
866 2995 956 3076 τυφῷ
972 2994 1207 3074 ξυγγογγύλας
1228 2997 1396 3087 expunctis
1415 2998 1468 3065 καὶ
1487 3007 1620 3082 sapasim

441 3099 600 3182 ξυςρὲψας
630 3099 685 3166 καί
710 3110 742 3164 et
772 3098 805 3162 in
831 3098 931 3163 altero
960 3098 1035 3165 lece
1721 3122 1722 3203 p

642 3203 877 3282 συγγογγύλας
903 3210 919 3290 ΙΙ
943 3204 1029 3270 τουτὶ
1060 3204 1095 3270 τὸ
1121 3203 1196 3279 σύος
1220 3211 1407 3286 χοανεῦσαι.
1721 3212 1722 3281 l

489 3307 611 3374 dddam
630 3307 804 3373 nonnullos
825 3307 912 3374 locos
930 3308 1173 3397 praeclarissimi
1193 3311 1367 3401 scriptoris,
1392 3311 1523 3390 Lxsuu,
1550 3333 1611 3378 cu-

440 3414 488 3479 ius
510 3414 610 3480 oratio
628 3437 693 3480 non
712 3413 841 3492 multis,
871 3424 906 3480 ut
919 3422 1022 3504 'supra
1041 3413 1197 3495 diximus,
1226 3415 1429 3482 emblematis
1447 3417 1614 3507 inquinata

439 3532 506 3601 est,
529 3531 560 3586 et
579 3532 643 3588 tam
661 3519 797 3612 limpida
816 3532 849 3586 et
872 3531 1002 3586 venusta
1017 3531 1080 3600 est,
1099 3531 1135 3585 ut
1153 3520 1262 3611 inepta
1281 3521 1404 3588 alienae
1421 3545 1535 3588 manus
1554 3523 1614 3589 ad-

439 3627 615 3698 ditamenta
644 3626 770 3694 facilins
799 3626 894 3692 etiam
924 3624 1010 3716 apud
1039 3647 1129 3704 eum,
1159 3649 1257 3716 quam
1284 3625 1370 3715 apud
1389 3626 1510 3692 multos
1533 3627 1611 3694 alios

440 3734 732 3826 deprehendantur.
768 3731 857 3801 ddec
877 3731 962 3797 nihil
983 3731 1069 3822 quod
1092 3732 1239 3822 ineptum
1257 3745 1305 3798 est
1325 3745 1358 3798 et
1381 3732 1492 3798 vitiose
1511 3732 1613 3800 abun·

437 3841 495 3908 dat
520 3855 576 3906 aut
599 3840 694 3930 friget
713 3849 768 3906 aut
790 3838 921 3928 languet
940 3836 1079 3902 nitidum
1098 3835 1162 3902 hoe
1181 3849 1213 3903 et
1233 3837 1361 3929 elegans
1380 3837 1541 3905 scribendi
1558 3863 1613 3929 ge·
1720 3850 1721 3885 r

440 3969 500 4014 nus
528 3947 610 4012 ferre
639 3956 754 4036 potest.
801 3943 840 4008 In
864 3942 1009 4008 oratioue
1029 3941 1054 4007 Ι.
1074 3947 1092 4030 §
1111 3945 1164 4008 26.
1188 3943 1201 4007 ὁ
1225 3950 1281 4018 τῆς
1304 3943 1423 4017 τύλους
1447 3943 1557 4025 νύμος,
1581 3944 1612 4010 ὃν

439 4053 478 4117 σὺ
508 4052 741 4140 [παραβαίνων]
772 4051 839 4133 περὶ
863 4049 1029 4122 ε’λύττονος
1051 4055 1111 4113 τῶν
1139 4050 1247 4126 ἡδονῶν
1268 4050 1418 4125 εἰτοιύσυ,
1453 4051 1526 4140 quis
1551 4074 1612 4118 uon

439 4158 536 4224 sentit
567 4181 663 4253 quam
692 4157 775 4224 male
796 4155 1001 4238 παραβαίνων
1027 4153 1197 4236 abundet?
1222 4166 1254 4219 et
1277 4157 1295 4240 §
1318 4159 1370 4222 49.
1395 4157 1421 4221 oi
1452 4156 1537 4235 νύμοι
1562 4183 1612 4224 κε-

438 4262 579 4330 λεύουσιν
603 4261 657 4328 isis
684 4287 733 4337 τις
756 4260 868 4342 μοιχὸν
891 4259 981 4343 λύβγ
1004 4257 1023 4323 d
1044 4283 1075 4324 τι
1101 4258 1140 4324 ain
1167 4255 1244 4349 [σύν]
1272 4259 1429 4340 βούληται
1455 4263 1608 4343 χρῆσθαι,
1719 4310 1720 4325 .

440 4368 549 4434 nullus
571 4378 618 4434 est
636 4367 812 4458 particulae
832 4363 929 4451 lesus.
976 4363 1015 4427 ln
1040 4374 1118 4430 orat.
1137 4362 1196 4430 111.
1215 4371 1233 4454 §
1254 4368 1304 4430 10.
1328 4364 1412 4441 ἔδοξέ
1434 4390 1487 4444 μοι
1506 4365 1609 4447 κρύτι-
1719 4334 1720 4393 l

439 4499 490 4544 ςον
514 4470 592 4541 εἶναι
614 4477 816 4556 taruanense
843 4473 891 4564 [ἐκ
911 4479 967 4547 τῆς
986 4469 1135 4560 adaeus}
1159 4474 1269 4552 λαβὼν
1290 4474 1325 4548 bh
1344 4473 1379 4538 nd
1398 4471 1554 4555 μειράκιον
1571 4517 1608 4529 -

440 4577 569 4659 ᾠχόμην
594 4583 629 4646 ἐκ
652 4588 709 4656 τῆς
731 4579 861 4653 τύλους.
913 4576 991 4661 Quis
1008 4589 1153 4644 nostrum
1173 4578 1217 4644 ita
1238 4577 1434 4670 scripsisset?
1454 4590 1510 4645 aut
1526 4579 1609 4670 quod

420 4681 557 4794 ¹legitur
587 4685 639 4752 Vl.
667 4690 698 4752 7.
732 4685 802 4758 τοὺς
832 4684 890 4764 μὲν
921 4684 1047 4765 ἐχθρούς
1082 4683 1178 4764 μηδὲν
1206 4692 1303 4750 ποιεῖν
1333 4685 1446 4763 κακὸν,
1480 4685 1550 4755 τοὺς
1578 4685 1608 4749 δὲ
1718 4760 1719 4763 ¹
