3767 5717
882 616 949 681 213
1006 562 1016 578 ο

325 808 535 877 delectantur.
576 801 674 875 Vides
692 814 941 877 AanCCssN
962 820 995 875 et
1017 813 1190 878 ΑΓΝΩΕΕ
1198 815 1266 875 ΩΝ
1286 831 1384 902 quam
1405 788 1504 882 facile

325 917 502 1007 permutari
525 914 658 1006 possint.
1500 940 1503 947 ·

370 1019 464 1106 Quod
493 1022 639 1111 sequitur
671 1018 883 1099 Δημοσθένους
910 1020 1064 1100 ἐγκώμιον
1090 1020 1253 1111 perexigui
1280 1023 1375 1111 pretii
1404 1047 1501 1114 opus·
1587 1030 1591 1033 ’

324 1128 435 1193 calum
454 1140 502 1193 est
521 1138 552 1194 et
573 1128 747 1195 admodum
771 1127 879 1194 vitiose
900 1128 1064 1219 seriptum.
1100 1127 1147 1191 De
1167 1127 1277 1192 multis
1298 1129 1381 1195 vitiis
1400 1130 1505 1221 pauoa'

324 1232 513 1323 abstergam.
545 1232 584 1299 ln
605 1240 623 1322 §
641 1238 671 1299 2.
690 1256 750 1324 pro
766 1231 906 1315 οὶφθθνων
927 1233 1040 1298 θιθθνοιι
1057 1238 1116 1297 τῶν
1133 1235 1213 1297 έοτῶν
1231 1233 1333 1299 scribe
1350 1236 1504 1317 οίφθονίοον

325 1338 359 1404 in
387 1344 405 1427 §
435 1344 465 1404 5.
495 1343 549 1403 τοῦ
582 1340 613 1403 δὲ
641 1342 795 1421 ῥητορικοῦ
823 1335 919 1415 λέγον
948 1360 1008 1427 pro
1028 1338 1099 1408 τοὺς
1124 1337 1156 1401 δέ
1179 1339 1349 1417 ῥητορικοὺς
1376 1339 1501 1416 λθγονς.

324 1442 358 1508 in
388 1449 405 1532 §
439 1446 490 1509 10.
522 1448 578 1516 τῆς
614 1444 746 1518 ληκύθου
779 1461 839 1531 pro
870 1445 925 1505 τοῦ
957 1444 1103 1507 θνλκκοῦ.
1138 1439 1171 1503 in
1200 1446 1218 1529 §
1244 1444 1295 1505 12.
1319 1440 1501 1519 Εὔβουλος,

323 1547 503 1628 Ὑπερείδης
526 1568 585 1636 pro
600 1547 804 1625 Εὐβουλίδης.
825 1546 857 1610 in
874 1551 891 1634 §
907 1551 955 1613 18.
979 1548 1034 1629 ἐφ’
1049 1542 1107 1627 θτιρ
1127 1568 1187 1636 pro
1206 1548 1261 1628 ἐφ’
1275 1544 1346 1611 ὅτι.
1367 1546 1401 1610 in
1420 1550 1504 1634 523.

325 1676 385 1745 pro
405 1651 661 1734 οὶρμοοτοτροχίοις
685 1650 835 1717 οίλεείνείν
858 1651 928 1741 lege
951 1652 1155 1733 ἁματροχιὰς
1173 1651 1324 1717 οίλεείνειν
1345 1672 1382 1715 er
1402 1650 1504 1717 Iliade

326 1768 368 1826 Ψ.
396 1761 471 1824 422.

484 1870 523 1946 τῇ
548 1863 573 1943 ῥ’
598 1857 685 1941 εἶχεν
709 1861 872 1934 Μενέλοοος
897 1858 1102 1941 οὶμοιτροχιθος
1126 1858 1283 1925 οίλεείνοιν.

326 1978 359 2034 et
388 1967 485 2057 paulo
513 1946 587 2033 anie
615 1988 673 2057 pro
703 1966 753 2031 ἔτι)
777 1974 834 2041 τῆς
860 1969 960 2039 κύτῆς
984 1964 1241 2046 σὶρμοιτοτροχίσις
1267 1965 1505 2033 emendandum

330 2074 550 2155 οἱρμκτροχιῖις
583 2094 620 2138 er
649 2072 762 2139 eodem
792 2070 875 2137 libro
899 2067 1019 2135 Iliados
1045 2092 1088 2137 rs.
1110 2074 1185 2137 505.
1214 2070 1341 2137 lavabit
1365 2072 1505 2138 adhaec

326 2177 438 2267 legisse
474 2178 662 2244 Poernrmr
699 2177 939 2242 annotationem
972 2175 1013 2240 ad
1053 2176 1193 2266 priorem
1225 2176 1360 2243 lionam
1396 2178 1505 2244 locum

327 2281 530 2363 οὶμοιτροχιοίν
561 2293 594 2347 et
621 2281 841 2363 οὶρμκτροχιιίν
872 2293 960 2347 reete
987 2280 1211 2371 distinguentis
1236 2294 1268 2347 et
1291 2281 1506 2350 eremmon

327 2408 467 2453 errorem
488 2400 581 2454 acute
603 2387 838 2479 redarguentis,
871 2389 928 2480 qui
949 2388 1122 2454 flomnon
1141 2387 1284 2453 imitatus
1304 2389 1426 2457 seilicet
1446 2390 1506 2455 hos

328 2494 497 2560 versiculos
522 2494 659 2559 fecerat:

986 2583 1078 2649 ἀλλὰ
1101 2582 1226 2649 θεθντοιν

505 2692 511 2707 ’
585 2688 623 2758 ὡς
647 2685 769 2765 οίνέμσιν
793 2687 890 2761 οὐδεὶς
913 2683 995 2753 εἶδεν
1019 2687 1235 2769 οίμοιτροχινίς.

280 2852 283 2859 ,
329 2828 431 2897 quam
452 2804 550 2871 vellet
570 2804 677 2870 dicere
696 2805 738 2870 τθι
761 2805 820 2869 τῶν
844 2811 963 2889 τροχῶν
989 2805 1089 2887 ίχνη,·
1106 2804 1342 2888 οίρμοοτροχιοίς,
1364 2817 1400 2871 ut
1419 2806 1504 2896 apud
1603 2801 1612 2814 '

328 2913 462 2979 Poetam
486 2921 565 2976 est:·

1015 3002 1083 3070 οὐδέ
1105 3028 1136 3069 τι
1159 3006 1283 3081 τολλίι,

507 3105 632 3186 γίγνετ’
657 3108 852 3191 ἐπισσώτρων
876 3108 1078 3191 σὶρμιιτροχιθι
1100 3108 1299 3176 κιιτθτισθεν.

374 3226 524 3315 111527.
548 3228 654 3311 ᾔειμεν
681 3231 724 3302 είς
747 3228 790 3293 rol
817 3226 1015 3310 Θερσοιγθρον
1043 3229 1166 3296 rariant
1192 3229 1350 3303 111ιι1ιείς
1375 3229 1418 3294 ‘tol
1442 3238 1503 3304 6.,

329 3334 371 3406 είς
395 3337 449 3397 τοῦ
476 3342 532 3417 Θ.,
562 3334 605 3405 εἰς
630 3334 673 3398 rol
699 3339 753 3399 τοῦ
776 3342 814 3399 Θ.
852 3333 1012 3423 optimum
1039 3346 1086 3399 est
1115 3337 1157 3407 είς
1181 3335 1393 3417 Θερσκγίρον,
1428 3334 1506 3399 ferri

329 3448 436 3529 potest
466 3438 509 3509 είς
541 3442 595 3501 τοῦ
622 3437 838 3519 Θερσοιγθρον,
871 3437 927 3503 sed
958 3439 1001 3505 τοί
1031 3462 1096 3505 non
1125 3438 1224 3505 habet
1256 3441 1382 3519 locum,
1417 3439 1506 3530 quod

331 3542 452 3607 Lrsrna
483 3561 577 3605 eausa
607 3539 781 3620 admoneo,
814 3542 899 3631 apud
925 3565 1021 3631 quem
1048 3544 1159 3609 vitiose
1185 3543 1431 3633 legituerl.§
1456 3548 1506 3610 12.

331 3646 384 3712 κκὶ
408 3647 555 3726 ἐρωτῶσιν
578 3642 636 3728 ίτη
661 3648 736 3736 (leg.
755 3645 838 3734 θσοι)
861 3650 1056 3731 βκδίζοιμεν.
1084 3651 1145 3714 ὅδ’
1167 3647 1308 3731 ἔφκσκεν
1327 3652 1370 3721 είς
1394 3652 1437 3715 τοι
1450 3655 1507 3715 τοῦ

330 3746 473 3831 σίδελφοῦ
502 3754 556 3814 τοῦ
589 3752 680 3833 ἐμοῦ,
714 3752 955 3817 rescribendum
988 3755 1031 3825 εἰς
1058 3754 1222 3834 τάδελφοῦ
1247 3758 1302 3817 τοῦ
1332 3754 1419 3832 ἐμοῦ.
1468 3753 1507 3818 ln'

332 3857 424 3945 §29.
448 3854 480 3918 τί
504 3854 567 3935 γθιρ
599 3858 659 3921 τῶν
684 3859 758 3926 droia
782 3858 833 3923 uoci
856 3864 912 3932 τῆς
937 3858 1040 3939 ὑδρίοις
1067 3857 1266 3935 Δημοσθένην
1296 3860 1350 3922 οὐκ
1380 3857 1505 3939 ἔχοντις

331 3958 491 4047 intelliges
512 3960 537 4025 si
558 3972 631 4026 ante
650 3964 847 4042 Δημοσθένην
868 3963 1068 4055 suppleveris
1089 3966 1150 4029 θεῖε
1172 3964 1259 4054 quod
1274 3988 1348 4030 mor
1364 3958 1508 4054 sequitur

330 4074 387 4143 τῆς
411 4064 565 4146 ὑμετέροις
586 4066 715 4145 γέγονεν
737 4067 824 4150 ἔργον
846 4071 1012 4151 θλιγωρίοις
1042 4071 1082 4136 ab
1105 4070 1284 4161 interprete
1304 4095 1368 4137 non
1388 4083 1437 4136 est
1456 4069 1507 4136 irs·

331 4174 511 4241 tellectum.
559 4170 748 4263 Saepissime
768 4186 875 4241 tamen
895 4177 980 4267 apud
1001 4178 1162 4268 sequiores
1181 4177 1269 4259 ἔργον
1294 4177 1439 4257 γενέσθκι
1458 4201 1507 4241 τι·

260 4344 262 4349 ,
331 4280 379 4354 νθς
413 4278 551 4343 occurrit
580 4302 639 4369 pro
666 4281 839 4347 οὶτιολέσθκι
868 4283 927 4348 ὑτθ
950 4308 1029 4357 τινος
1059 4296 1092 4350 et
1120 4284 1301 4373 significent
1329 4284 1383 4349 illa
1412 4281 1507 4348 rerba

333 4387 391 4451 ὑπὸ
423 4392 479 4459 τῆς
513 4385 666 4465 ὑμετέροις
692 4381 860 4465 ’ὀλιγωρίης
892 4385 1051 4454 οίτιίλοιλε.
1101 4389 1210 4455 Multis
1239 4387 1391 4477 exemplis
1421 4385 1508 4451 hune

334 4510 426 4555 usum
454 4490 590 4557 labentis
623 4488 810 4556 Graecitatis
835 4492 1008 4559 illustrarit
1033 4494 1278 4561 Wrrrmraacrr
1296 4493 1330 4557 in
1347 4492 1507 4572 Baetem.

337 4594 425 4663 Oris.
447 4593 506 4662 III.
530 4600 560 4662 2.
581 4620 613 4687 p.
631 4598 681 4662 16.
707 4596 800 4681 Quod
823 4598 954 4664 Archias
974 4603 1161 4691 respondet:
1185 4604 1263 4667 ἀλλ’
1280 4601 1341 4664 οὐδ’
1361 4598 1418 4679 ὑφ’
1433 4598 1507 4675 ἡμῖν

334 4700 457 4779 ἐγένετο
489 4694 602 4771 sanum
622 4704 683 4771 erit
703 4703 734 4805 si
749 4704 928 4795 reposueris
947 4707 1001 4790 ἐφ’
1022 4710 1107 4786 ἡμῖν.
1133 4707 1194 4775 ὑσθ
1211 4730 1270 4772 τινι
1292 4701 1370 4773 είνοιι
1390 4701 1509 4769 dieitur
