3767 5717
971 588 990 660 8

397 778 463 835 tem
489 787 528 834 ex
555 766 693 835 absurdo
711 786 820 837 errore
843 770 999 853 ΘΕΙΑΝἳ
1033 770 1202 838 Praeterea
1219 770 1393 858 expungite
1413 770 1495 838 mibi
1514 770 1600 840 alte·

397 894 473 940 rum
497 874 694 949 articulum,
712 893 752 941 ne
774 874 898 941 iudices
920 883 1032 941 contra
1056 877 1106 943 ius
1131 876 1222 943 binas
1240 877 1416 943 sententias
1434 876 1522 944 forre
1544 878 1598 944 in·

397 978 557 1059 beantur,
582 989 620 1046 ut
650 978 830 1047 scribatur:
861 983 917 1059 cbo
947 982 1032 1049 ὁσόιιν
1057 980 1109 1048 aa>
1134 980 1252 1065 εὔορκον
1271 988 1388 1067 ψῆφον.
1436 982 1601 1049 Donnnnns

400 1087 526 1172 ipsoex
553 1085 651 1151 buius
673 1085 794 1151 erroris
813 1085 1033 1153 observatione
1057 1087 1183 1153 Annum
1206 1086 1312 1153 locum
1335 1088 1367 1152 in
1395 1086 1499 1152 Variis
1519 1086 1597 1153 Hio-

400 1191 620 1278 toriicoptime
639 1190 826 1256 restitutum
849 1211 919 1259 esse
942 1192 1110 1259 admonuit
1125 1192 1208 1259 VIll.
1237 1199 1264 1258 t.
1281 1191 1337 1258 ubi
1360 1191 1512 1259 Soonurns
1529 1212 1597 1259 non

400 1299 504 1379 φωνην
534 1294 691 1370 πολλόκις
725 1294 864 1380 ἔφκσκεν
888 1298 994 1364 ὁσόοιν
1018 1308 1174 1379 πομπῆς
1206 1297 1479 1381 ε’γκοκληριιμένην
1508 1299 1595 1381 aricii

400 1400 456 1469 sed
484 1402 550 1486 θεόρι
579 1410 704 1485 πομπῇ.
761 1398 871 1468 Obiter
893 1401 976 1467 addo
1006 1404 1301 1487 συνκεκληρυμένην
1322 1404 1499 1489 genuinum
1521 1421 1594 1468 esse

400 1527 459 1594 pro
481 1508 552 1585 ἐνκ.
588 1508 691 1588 Quam
716 1505 809 1575 facite
831 1516 976 1593 etquanr
1000 1528 1095 1595 saepe
1118 1508 1148 1575 ἓν
1161 1510 1260 1577 otco‘a
1273 1507 1396 1575 suerint
1410 1514 1597 1593 permutata

401 1613 435 1678 in
456 1612 666 1698 sequentibus
689 1610 877 1690 ostendam,
901 1632 987 1679 nnnc
1004 1610 1082 1688 ὁσιις
1107 1620 1139 1680 ot
1157 1616 1233 1688 θεῖος
1251 1620 1302 1692 et,
1316 1613 1372 1699 qui
1396 1611 1480 1678 idern
1500 1631 1595 1698 pror·

402 1738 460 1783 sus
482 1736 573 1783 error
594 1724 661 1794 est,
684 1717 804 1792 ὁσιότης
817 1723 849 1781 et
869 1716 985 1793 θειότης
1006 1718 1141 1785 subinde
1163 1726 1345 1805 permutata
1370 1738 1439 1784 esse
1463 1716 1593 1783 docebo.

404 1823 442 1888 Iu
466 1822 621 1887 lsocnnrrs
648 1821 795 1888 Busiride
829 1823 926 1905 §itt
952 1842 1023 1909 pag.
1046 1828 1122 1890 aba.
1146 1823 1329 1912 permulta
1365 1822 1492 1890 saecula
1517 1822 1597 1889 haec

408 1926 471 1993 tuit
492 1926 587 1993 lectio
610 1925 760 2013 vulgatu:
784 1928 909 2002 πολλὸις
933 1928 997 2011 νὸιρ
1016 1932 1121 2005 αὐτοῖς
1145 1931 1197 1997 aa)
1223 1930 1430 2004 ποιντοὸκπὸις
1445 1929 1521 2019 (τοῖς
1545 1930 1600 1995 Ai-

407 2031 565 2120 γυπτόοις)
582 2033 729 2109 οὸσκὴσεις
748 2043 804 2111 τῆς
826 2032 1023 2110 θειότητος
1048 2036 1159 2111 ἐκεῖνος
1183 2035 1364 2112 κκτόςησεν.
1412 2033 1496 2101 Vera
1519 2032 1597 2099 sori-

405 2146 503 2225 ptura
516 2157 721 2224 quamquam
744 2140 778 2203 in
802 2139 921 2205 vicinia
945 2140 1127 2227 apparebat.
1160 2142 1254 2224 §bd
1276 2139 1343 2222 ἔχοι
1371 2140 1397 2205 δ’
1423 2137 1462 2205 ἄν
1482 2164 1529 2213 τις
1551 2177 1599 2188 -

406 2244 514 2310 πολλθι
539 2244 590 2311 κιιὸ
616 2245 766 2324 θκυμκςὸι
788 2244 855 2328 περὶ
877 2254 934 2321 τῆς
958 2244 1157 2322 ὁσιότητος
1186 2250 1287 2313 αὐτῶν
1316 2247 1463 2320 διελθεῖν,
1489 2251 1597 2310 tamen

407 2369 471 2415 non
492 2350 584 2437 prius
617 2351 750 2417 emersit
778 2370 876 2436 quam
900 2350 999 2416 codex
1019 2352 1161 2437 optimus
1189 2351 1320 2418 Unnuns
1344 2370 1362 2417 a
1382 2351 1525 2416 Bnuunno
1545 2368 1597 2415 ex-

407 2475 524 2521 cussus
546 2464 602 2532 τῆς
625 2454 781 2532 ὁσιότητος
801 2455 927 2520 obtulit.
976 2457 1016 2521 bt
1040 2457 1218 2524 Pnnrnncno
1235 2455 1344 2522 nullus
1364 2455 1445 2521 liber
1457 2455 1598 2540 scriptus

406 2580 498 2646 opem
533 2556 608 2625 tulit
639 2562 672 2626 in
697 2561 780 2627 libro
806 2562 844 2627 de
866 2561 1067 2647 Motipoitotc
1089 2560 1238 2627 Herodoti
1266 2582 1334 2648 cap.
1361 2561 1429 2628 Xll.
1463 2582 1494 2648 p.
1519 2565 1596 2626 857.

408 2667 465 2733 ubi
489 2687 576 2733 nunc
599 2667 773 2733 scribitur:
805 2665 881 2735 οθτυ
907 2666 938 2732 δὲ
961 2665 1201 2750 φιλοβάρβαρός
1225 2669 1287 2737 ἐςιν
1314 2664 1517 2757 (Hunonoros)
1542 2664 1599 2736 ὥτε
1653 2712 1655 2719 -

407 2774 542 2856 Βούσιριν
573 2773 739 2847 θπολθσοις
767 2782 823 2850 τῆς
855 2773 1022 2853 λσνομθνος
1054 2772 1297 2855 ιὸνθρυποθυσθοις
1333 2772 1386 2839 κοιὸ
1409 2770 1598 2848 ξενοκτονίας

408 2880 461 2944 oct
486 2883 583 2945 πόισιν
606 2878 793 2956 Αἰγυπτίοις
817 2878 996 2954 θειότητοι
1018 2881 1137 2955 πολλὴν
1162 2880 1214 2943 κοιὸ
1238 2877 1428 2952 ὁικκιοσόνην
1447 2880 1599 2961 propropi-

408 3009 467 3060 σοις
492 2986 544 3067 ἐφ’
566 2984 727 3058 Ἕλληνοις
751 2985 920 3066 θνοιςρὲφει
941 2984 976 3049 τὸ
1009 2984 1116 3063 μύσος.
1165 2983 1244 3064 Quis
1274 2982 1387 3048 multis
1409 2983 1514 3049 verbis
1540 2982 1601 3049 sihi

408 3088 585 3177 postulabit
605 3087 819 3155 demonstrari
845 3110 908 3154 non
934 3109 1003 3155 esse
1029 3088 1172 3165 θειότητιι
1196 3108 1214 3153 a
1242 3089 1420 3154 Pnnrnncno
1441 3090 1598 3176 scriptum

411 3194 467 3262 sed
491 3193 737 3263 ocloTHTA?
786 3194 847 3275 Qui
883 3195 963 3259 mibi
998 3194 1056 3260 boe
1086 3194 1210 3261 dederit
1234 3213 1296 3259 non
1322 3192 1377 3258 diu
1413 3194 1603 3281 repugnabit

414 3300 553 3366 alterum
569 3294 688 3366 ¹locurn
710 3298 853 3365 eiusdem
876 3301 1044 3387 scriptoris
1063 3297 1172 3365 eodem
1204 3298 1298 3364 modo
1322 3299 1518 3366 restituenti.
1566 3299 1601 3365 In

416 3406 532 3473 Sinnin
553 3407 619 3472 rita
637 3426 708 3492 cap.
721 3405 780 3470 Vl:
794 3404 916 3485 Srcnn,
940 3406 1064 3491 inquit,
1086 3425 1137 3471 res
1157 3404 1321 3491 praeclare
1344 3424 1362 3469 a
1382 3424 1416 3471 se
1438 3412 1544 3491 gestas
1563 3404 1603 3471 ad

412 3513 496 3578 Deos
515 3510 635 3577 referre
654 3510 734 3576 solet
754 3520 901 3577 auctores
921 3520 953 3577 et
974 3509 1130 3597 quidquid
1150 3509 1277 3577 fortiter
1295 3518 1326 3577 et
1350 3517 1481 3577 strenue
1504 3511 1603 3597 gessit

413 3616 565 3699 εὐτυχέσιν
593 3617 663 3683 τινὸι
695 3616 777 3683 trion
809 3620 962 3684 κὶτιόιτιιι.
1010 3615 1152 3691 Deinde,
1177 3616 1231 3682 nbi
1255 3616 1352 3682 buius
1375 3618 1422 3682 rei
1447 3636 1548 3683 cunum
1572 3623 1603 3683 et

412 3724 551 3791 alterurn
577 3723 703 3810 insigne
719 3722 901 3809 exemplum
921 3722 1075 3809 protulit,
1100 3723 1275 3801 τοῦτομὲν
1297 3718 1367 3800 οὖν,
1393 3722 1517 3809 inquit,
1536 3722 1602 3803 περὶ

413 3840 470 3909 τῆς
495 3828 698 3905 θειότητος.
746 3828 849 3894 Immo
878 3849 953 3895 vero
977 3828 1147 3905 ὁσιότητος,
1178 3828 1240 3893 nisi
1262 3826 1343 3893 sorte
1365 3828 1420 3913 qui
1452 3828 1533 3893 Deos
1553 3826 1602 3912 pie

416 3935 493 4000 coiit
525 3936 599 4007 θεῖος
623 3954 680 4019 pro
704 3931 781 4007 όσιος
806 3932 871 3999 dici
895 3954 985 4019 posse
1007 3932 1179 3999 videbitur.
1228 3934 1264 3999 ln
1283 3932 1410 3997 Sronnnt
1434 3929 1602 4015 Floritepic

415 4041 568 4107 LXXXV.
589 4045 630 4105 19
657 4038 710 4104 ubi
744 4039 857 4105 scribit
887 4040 1093 4104 Pnnrcrronn:
1118 4031 1290 4121 κροτέουσι
1315 4034 1352 4103 ὦν
1379 4034 1481 4125 (γυνη)
1505 4034 1602 4098 ἐπιθυ·

415 4145 492 4227 pior
514 4146 588 4235 (leg.
606 4183 649 4193 -
671 4144 731 4233 θης)
751 4145 803 4210 κοιὸ
828 4146 922 4224 θυμοῦ
942 4146 997 4211 θεθ
1004 4171 1021 4220 η
1042 4145 1095 4212 κοιὸ
1120 4144 1246 4225 οὸρμονόη
1271 4145 1428 4223 pincerne,
1453 4138 1525 4223 quis
1549 4135 1602 4201 du·

412 4251 530 4320 bitabit
550 4250 615 4325 ὁσίη
640 4247 806 4327 revocare,
831 4251 914 4337 quod
946 4252 978 4316 in
1000 4252 1062 4326 θείη
1095 4249 1256 4336 pollucet?
1304 4244 1462 4313 contrarii
1487 4241 1604 4308 erroris

415 4355 622 4424 manifestum
648 4356 851 4443 exemplum,
876 4365 912 4421 nt
933 4358 1067 4443 opinor,
1089 4364 1138 4421 est
1162 4357 1194 4421 in
1220 4355 1399 4438 fragmento
1421 4349 1603 4425 Sornocnn,

416 4461 499 4546 qnod
534 4463 571 4527 in
603 4460 730 4527 Sronnnr
769 4457 879 4550 Εοθορ.
916 4461 1015 4551 Phys.
1044 4468 1150 4529 exstat
1183 4482 1250 4549 cap.
1286 4457 1340 4523 111.
1367 4462 1419 4524 48.
1457 4456 1545 4521 Τοιιι.
1577 4452 1599 4521 Ι.

417 4589 447 4653 p.
476 4572 548 4633 130.
573 4568 670 4636 Hnna.
767 4588 770 4593 ·
1493 4610 1497 4617 .
