3767 5717
1000 636 1041 698 98

415 818 534 886 asciret:
548 830 606 897 pro
614 811 804 876 οὶποκτεοεῖο.
820 807 939 875 Eadem
953 818 1001 876 est
1019 809 1100 874 ratio
1114 807 1282 874 verborum
1303 808 1337 874 οὔ
1348 813 1432 892 φκμο
1444 859 1451 886 ,
1464 807 1579 890 ὅμουροι
1590 861 1604 890 ,

412 915 549 998 ἐλπίζω,
579 915 751 997 προσδοκῶ,
774 912 905 995 νομίζω,
928 913 1054 995 cloccae,
1076 917 1236 993 ἡγοῦμαι,
1261 916 1474 998 ὑπισχνοῦμαι
1491 924 1524 982 ul
1549 915 1599 983 lu·

409 1030 525 1089 turum
545 1020 696 1087 infinitivi
720 1020 763 1084 sit
795 1019 1031 1094 necessarium,
1054 1018 1248 1105 ubicumque
1272 1020 1305 1085 iu
1340 1027 1429 1086 reeta
1449 1023 1594 1092 oratione

408 1129 549 1214 positum
583 1135 708 1212 tempus
738 1123 824 1190 idem
857 1124 1089 1210 requireretur.
1148 1124 1183 1189 lu
1209 1125 1419 1190 Xsuoruourrs
1456 1124 1598 1194 Anchari

411 1232 435 1299 l.
460 1252 494 1300 u.
520 1235 551 1297 b.
576 1230 789 1311 ὑποσχόμενος
812 1231 858 1309 μὴ
878 1229 1004 1313 πρόσθεν
1023 1229 1204 1296 cadrocino
1229 1236 1396 1317 propterea
1419 1230 1597 1300 absurdum

408 1343 478 1414 est,
501 1336 577 1423 quia
600 1334 738 1402 absurde
758 1334 857 1404 Graue
879 1335 1031 1404 credetur
1051 1333 1170 1401 dixisse
1199 1337 1232 1400 οὐ
1256 1334 1383 1417 πρόσθεν
1405 1336 1596 1418 draccoleno

406 1460 464 1528 pro
492 1441 667 1521 πούρορκο.
715 1439 1008 1526 Italoquebantur
1028 1439 1198 1515 Graeculi,
1238 1439 1349 1526 quiid
1380 1442 1516 1508 traxisse
1545 1443 1591 1507 vi·

406 1545 525 1612 dentur
552 1566 591 1613 ex
614 1545 694 1612 locis
715 1545 771 1611 ubi
794 1543 834 1612 ἄν
857 1565 932 1615 cum
954 1544 1105 1611 infinitivi
1126 1545 1255 1612 coristis
1279 1546 1489 1614 coniunctum
1505 1567 1593 1632 pror·

406 1670 463 1717 sus
484 1649 590 1717 futuri
613 1650 766 1738 temporis
783 1651 886 1717 instar
911 1650 1077 1717 videretur
1099 1649 1238 1727 babere,
1267 1649 1306 1716 aia
1332 1651 1364 1716 in
1391 1650 1509 1718 talibus
1533 1651 1594 1719 lre·

406 1756 618 1842 quentissime
652 1764 710 1820 aut
740 1755 861 1823 excidit
883 1763 940 1822 aut
972 1775 1046 1822 oum
1074 1754 1171 1820 verbo
1193 1754 1361 1823 coalescit:
1384 1754 1467 1840 quod
1492 1777 1593 1842 quum

324 1884 326 1888 ⁴
406 1859 524 1927 millies
542 1868 627 1927 osset
651 1860 793 1939 lactum,
818 1869 855 1927 ut
878 1861 912 1926 in
936 1859 1106 1926 codicibus
1129 1861 1247 1926 nostris
1271 1868 1422 1947 apparet,
1436 1861 1591 1947 paulatim

406 1965 579 2034 assuefacti
601 1975 678 2032 suut
701 1967 745 2033 ita
769 1966 876 2033 dicere
897 1973 928 2032 et
958 1965 1073 2031 vitiosa
1097 1964 1294 2033 consuetudo
1317 1967 1413 2033 uertit
1437 1968 1470 2032 in
1499 1978 1591 2035 natu·

405 2090 486 2138 ram.
534 2071 676 2139 Perutilc
698 2081 747 2139 est
776 2073 809 2138 in
839 2070 896 2139 tali
927 2089 962 2137 re
992 2090 1102 2140 eorum
1128 2072 1303 2138 sententias
1323 2070 1456 2149 audire,
1477 2074 1533 2160 qui
1558 2076 1590 2140 in

403 2175 455 2244 bis
485 2176 604 2245 litteris
634 2177 788 2245 familiam
820 2176 955 2243 ducunt.
1002 2176 1151 2243 Graeculi
1182 2178 1406 2264 imposuerunt
1432 2176 1587 2247 Housma-

402 2303 508 2359 uusro,
542 2303 635 2370 quem
661 2283 733 2350 vide
764 2285 797 2348 iu
824 2281 957 2350 Miscell.
984 2281 1154 2348 Observata
1182 2282 1271 2348 Tom.
1302 2281 1355 2348 tv.
1388 2303 1421 2369 p.
1451 2285 1524 2350 too.
1548 2283 1583 2354 in

403 2386 490 2453 clara
523 2385 595 2454 luce
625 2387 846 2455 dubitantem:
889 2388 1114 2472 imposuerunt
1144 2387 1336 2473 llarumnrro,
1369 2387 1409 2457 ad
1441 2389 1582 2455 Petronis

400 2491 599 2558 Phaedonem
622 2513 692 2579 pag.
711 2498 752 2559 48
772 2501 804 2559 et
816 2492 1021 2579 Protaporom
1040 2511 1072 2578 p.
1093 2497 1179 2571 487,
1202 2500 1235 2558 at
1257 2491 1353 2560 iidem
1367 2494 1501 2562 Hnnareo
1513 2492 1582 2562 Sm-

399 2617 496 2664 ruauo
519 2598 683 2685 imponere
706 2618 768 2665 nou
802 2606 995 2686 potuerunt,
1023 2597 1079 2683 qui
1113 2599 1231 2684 passim
1255 2597 1289 2664 in
1314 2599 1436 2683 optimo
1457 2617 1584 2687 qluoque

400 2704 558 2790 scriptore
573 2703 688 2770 Graeco
710 2714 766 2770 aut
789 2703 892 2772 futuri
915 2703 1052 2770 sormam
1077 2704 1221 2772 restituit
1239 2711 1296 2770 aut
1314 2702 1465 2770 latentem
1490 2725 1585 2772 vocu-

398 2807 462 2875 lam
482 2806 522 2874 aiv
542 2807 574 2875 in
601 2808 707 2876 lucem
728 2812 897 2878 revocarit.
944 2810 981 2879 In
1005 2810 1225 2877 dnusrormrus
1248 2808 1345 2876 donis
1373 2815 1497 2878 vsdlb
1521 2833 1599 2900 sq:

851 2918 884 2982 οὐ
907 2915 965 2995 μὲν
988 2912 1038 2982 οὖν
1060 2939 1102 2994 με
1125 2913 1310 2998 προοεδόκοος

578 3020 644 3095 ὁτιὴ
665 3018 815 3101 κοθόρνους
837 3015 925 3101 εἶχες
948 3019 1178 3099 everreret
1200 3021 1231 3083 ρ’
1252 3017 1310 3084 ἔτι.

400 3124 473 3210 quis
491 3121 616 3190 dubitet
638 3126 717 3210 quin
741 3123 920 3191 rectissime
939 3123 1115 3210 repositum
1139 3125 1182 3189 sit
1205 3121 1245 3194 aa
1275 3131 1404 3206 γοῶνοιο,
1430 3125 1514 3211 quod
1536 3129 1583 3196 vel

398 3228 445 3294 ἔτι
470 3226 678 3294 demonstrat.
725 3229 761 3294 lu
793 3229 941 3296 Pmrours
965 3227 1137 3316 Protoporc
1157 3250 1187 3315 p.
1212 3233 1277 3295 516
1297 3250 1325 3296 c.
1349 3235 1439 3298 τοῦτο
1471 3234 1502 3298 δὲ
1528 3233 1585 3300 cis·

396 3333 453 3400 ccl
476 3334 502 3400 oi
530 3332 656 3414 palaea
678 3335 822 3414 γενέσθαι
846 3335 872 3400 εἱ
902 3333 947 3399 ool
972 3334 1175 3413 συγγένοιτο,
1200 3335 1344 3412 ratione,
1368 3355 1466 3422 prope
1494 3337 1581 3406 dixe·

394 3439 481 3517 rim,
504 3438 732 3506 mathematica
754 3439 839 3526 quod
863 3459 974 3506 veruna
999 3447 1048 3506 est
1066 3439 1214 3526 indagari
1235 3449 1267 3506 et
1288 3440 1502 3508 demonstrari
1525 3463 1581 3531 po-

395 3553 469 3612 test.
517 3545 616 3612 flecta
640 3541 742 3611 oratio
766 3552 831 3612 est:
858 3544 952 3616 τοῦτο
969 3568 1021 3624 μοι
1044 3544 1158 3625 pdaee'
1177 3543 1216 3612 aba
1239 3544 1357 3624 γένοιτο
1379 3527 1408 3613 si
1425 3550 1467 3631 τῷ
1496 3560 1579 3632 Προο-

392 3649 515 3735 τοογόρρ
536 3652 767 3732 cormaricum
789 3669 883 3718 nemo
909 3651 1024 3718 Graece
1045 3651 1151 3718 sciens
1175 3649 1258 3716 sario
1277 3652 1447 3730 contendet
1470 3654 1504 3720 iu
1527 3654 1580 3720 bis

391 3755 431 3822 ab
455 3757 561 3823 omitti
592 3777 700 3845 posse:
729 3758 756 3823 si
786 3757 864 3826 baec
888 3757 923 3824 in
947 3756 1138 3825 indirectam
1162 3756 1339 3822 orationem
1364 3758 1579 3830 convertenda

393 3871 468 3928 sunt
499 3871 533 3928 et
560 3883 577 3929 e
601 3862 697 3929 verbo
719 3863 821 3944 οἵοροοοο
850 3862 1094 3950 suspendenda,
1125 3860 1240 3949 ecquid
1269 3880 1385 3928 causae
1404 3860 1490 3932 dices
1517 3884 1577 3932 cur

390 3963 430 4032 ἄν
454 3966 646 4034 obiiciatur?
694 3968 756 4050 Qui
777 3968 868 4035 solus
891 3969 924 4034 in
955 3967 1141 4037 buiusmodi
1170 3987 1205 4034 re
1231 3974 1263 4033 et
1297 3970 1577 4052 argumentatione

393 4069 623 4138 dubitationem
654 4074 786 4140 iniicere
806 4081 931 4160 potest,
963 4093 1041 4140 usus
1067 4071 1237 4158 loquendi,
1266 4093 1329 4138 non
1358 4079 1485 4140 tantum
1513 4093 1576 4144 non

392 4175 581 4244 adversatur
596 4176 664 4244 sed
687 4179 719 4244 iu
744 4178 836 4265 longe
860 4177 1011 4266 plurimis
1037 4177 1120 4262 quod
1144 4177 1227 4243 ratio
1248 4178 1405 4266 praecipit
1428 4188 1500 4246 'tam
1528 4180 1576 4248 ln·

390 4281 538 4350 oulenter
559 4282 745 4362 confirmat,
765 4291 802 4350 ut
826 4303 920 4352 uemo
940 4281 1102 4368 ambigat:
1123 4283 1183 4350 boc
1196 4283 1307 4350 volunt
1326 4291 1463 4371 utroque
1483 4284 1578 4354 modo

391 4388 457 4458 dici
482 4407 591 4476 posse,
614 4388 763 4454 Sumatur
794 4391 986 4456 sententiam
1019 4394 1051 4456 et
1082 4388 1206 4456 ratione
1236 4397 1268 4455 et
1291 4409 1352 4457 usu
1384 4390 1576 4467 uiti,suan1

389 4494 503 4562 multis
524 4493 700 4561 multorum
719 4493 817 4570 locis,
839 4513 919 4580 quos
937 4513 1048 4562 onrnes
1065 4515 1134 4562 esse
1155 4493 1342 4582 depravatos
1366 4495 1503 4574 sibinen
1528 4516 1576 4563 sa·

390 4601 434 4665 tis
456 4599 618 4687 probabile
641 4598 753 4666 uideri.
801 4601 911 4668 [licam
936 4601 1038 4687 igitur
1059 4601 1190 4687 paucis,
1221 4621 1294 4666 uam
1314 4600 1503 4688 dignissima
1522 4623 1575 4671 res

391 4713 440 4772 est
463 4725 545 4792 quae
570 4706 751 4772 excutiatur
778 4715 809 4774 et
837 4707 936 4776 libero
961 4707 1018 4776 boc
1043 4725 1164 4794 genere¹
1187 4708 1365 4794 scripturae
1390 4698 1514 4777 utimur
1539 4718 1574 4776 ut
