3767 5717
969 602 1035 666 204

416 808 509 875 πέντε
545 795 711 869 ταλιίντιιι
746 804 871 881 προῖκα.
925 795 1082 887 Expungo
1113 793 1250 881 προικός,
1284 816 1358 863 nam
1389 800 1602 883 ἐπιφέρεσθαι

416 911 546 1005 proprie
575 908 614 976 do
643 905 734 983 dote,
767 925 864 995 quam
884 903 1113 981 ammiserat,
1137 900 1203 965 dici
1222 900 1320 967 solet:
1341 905 1424 969 οὐδὲν
1448 906 1599 988 ἕπιφερο·

416 1018 494 1097 μένή
523 1026 570 1081 est
596 1011 768 1089 indolata,
799 1020 835 1072 ut
853 1006 939 1097 apud
958 1006 1088 1074 Lrsuu
1107 1005 1193 1072 XIX.
1217 1011 1268 1072 14.
1291 1008 1387 1089 παρόν
1406 1009 1492 1087 μετόι
1516 1024 1598 1075 πολ-

419 1123 481 1187 λῶν
500 1118 680 1205 χρημάτων
703 1122 808 1195 γήμαι
831 1112 934 1189 όιλλήι
956 1115 1012 1187 τήν
1039 1114 1116 1192 ε’μήν
1138 1111 1261 1192 μητέρα
1283 1110 1400 1190 ἔλαβεν
1426 1113 1509 1178 οὐδέν
1527 1116 1597 1179 ἐπι-

420 1224 604 1307 Φερομένήι.
643 1221 828 1285 Αλεοιιῐιιιιε
857 1218 890 1283 in
925 1216 1160 1309 Ctesiphonta
1186 1220 1204 1303 §
1232 1220 1306 1282 172.
1329 1226 1435 1296 γαμεῖ
1455 1227 1598 1296 γυναῖκα

420 1330 547 1411 χρυσίον
572 1308 797 1408 ἐπιφερομένην
823 1322 915 1389 πολύ.
956 1320 1051 1413 Apud
1075 1323 1347 1388 Τ-ιιλοκιιλιοτιιιι
1375 1320 1442 1400 περί
1468 1325 1600 1389 οίνελευ-

423 1434 542 1515 θερίας,
564 1429 669 1498 XXII.
691 1428 809 1495 editur:
835 1428 887 1492 καί
912 1438 952 1511 πή
977 1430 1103 1508 γυναικί
1128 1430 1161 1495 δὲ
1184 1424 1224 1512 πρ
1247 1452 1358 1494 εαυτιυ
1379 1451 1492 1508 προικα
1514 1456 1601 1507 εισή·

424 1537 603 1619 νεγκαμένή
635 1536 679 1614 μή
714 1532 862 1614 πρίασθαι
904 1532 1095 1612 θεραπαίνας
1126 1533 1217 1598 οίλλόι
1253 1532 1434 1611 μισθοῦσθαι
1465 1534 1509 1606 είς
1539 1536 1600 1609 τόις

426 1640 546 1718 ἐξόδους
570 1642 604 1705 έκ
625 1646 681 1712 τής
703 1633 885 1716 γυναικείας
907 1635 1028 1701 παιδίον
1044 1637 1322 1719 συνακολουθῆσαι,
1344 1636 1467 1725 corrige
1487 1650 1601 1722 προῖκα

428 1743 668 1826 έπήιεγκαμίιρ
689 1754 720 1807 et
740 1740 855 1830 supple
873 1742 908 1805 έκ
929 1746 986 1815 σής
1010 1741 1193 1819 γυναικείας
1210 1742 1340 1821 σίγοριῖς.
1375 1740 1460 1806 Hinc
1479 1746 1605 1837 corrige

429 1849 681 1915 Χιιιιοιιῑοατιιιι
701 1847 734 1910 in
757 1846 965 1911 Oeconomico
987 1843 1055 1910 VII.
1069 1848 1121 1911 13.
1141 1845 1198 1910 ubi
1218 1845 1265 1911 vir
1283 1842 1322 1907 ad
1343 1866 1488 1913 uxorem:
1509 1850 1547 1915 συ’
1565 1876 1607 1919 τε

430 1950 491 2019 όσα
513 1954 632 2032 ήνέγκιι
652 1950 760 2018 ποίιτα
780 1952 823 2022 είς
846 1950 881 2014 τό
901 1950 997 2015 κοινόν
1014 1949 1210 2026 κατέθηκας,
1235 1949 1408 2039 legendum
1428 1953 1604 2033 ἐπηνέγκω.

427 2058 467 2124 In
496 2061 514 2144 §
541 2062 571 2124 2.
604 2061 630 2125 εί
667 2057 717 2123 ε’πί
755 2055 850 2122 πλέον
888 2055 1093 2136 ἐνοχλήσειας
1132 2055 1266 2141 ἄπειμι,
1298 2056 1427 2145 requiro
1457 2056 1606 2127 futurum

430 2164 625 2244 ἐνοχλήσας.

362 2333 368 2343 ,
475 2266 515 2333 In
536 2266 670 2356 Dialogo
693 2267 722 2331 6.
743 2268 761 2349 ς
785 2265 812 2329 1.
842 2264 1008 2347 μαννιέριιν
1029 2266 1062 2331 in
1084 2251 1270 2349 μαμμιίριον
1289 2266 1467 2356 corrigatur
1495 2268 1554 2358 (sio
1572 2282 1606 2336 et

431 2371 515 2439 IIial.
535 2376 565 2438 7.
587 2374 605 2457 §
628 2372 671 2459 4.)
701 2381 733 2435 et
753 2392 827 2435 mox
847 2393 906 2460 pro
928 2370 978 2435 δόο
1000 2369 1054 2446 ἔτη
1079 2377 1204 2455 ταῦτα,
1230 2372 1266 2451 ἐξ
1285 2368 1320 2437 οὗ
1338 2374 1481 2448 τέθνηκεν
1501 2376 1515 2439 ό
1541 2400 1606 2455 μα-

433 2477 562 2558 καρίτης
583 2499 636 2540 σου
654 2474 776 2554 πατήρ,
801 2476 855 2539 οὐκ
875 2471 964 2540 οἶσθα
980 2471 1061 2548 όπιις
1077 2477 1300 2559 σίπεζήσαμεις
1320 2476 1392 2567 Iege
1412 2480 1520 2569 τόιδό
1537 2482 1609 2560 έτιρ,

434 2594 468 2649 ot
488 2580 602 2647 omissa
622 2578 793 2667 negatione
815 2574 903 2645 οἶσθα
921 2576 1003 2652 όπιις
1028 2581 1247 2663 ἀπεζήσαμεν.
1273 2594 1305 2648 et
1324 2586 1342 2669 §
1363 2588 1393 2649 3.
1416 2588 1609 2666 πλημμελές

435 2711 494 2779 pro
513 2684 633 2767 σίμελές
659 2695 691 2749 et
712 2686 729 2770 §
753 2687 783 2750 4.
808 2683 957 2763 δειξιίσας
982 2706 1041 2776 pro
1064 2683 1258 2763 ἐνδειξάσας.

479 2792 518 2858 In
547 2790 682 2880 DioIogo
712 2793 743 2856 7.
771 2792 789 2875 §
813 2791 840 2854 1.
873 2790 927 2855 οὐκ
961 2788 1066 2871 ἔχοντι
1100 2792 1185 2872 αὐτῷ
1210 2795 1393 2860 καταθεῖναι
1420 2799 1605 2877 συμβολήν,

434 2900 507 2991 quis
523 2896 632 2964 credat
646 2897 828 2963 Lucunun
841 2892 1007 2971 συμβολήν
1023 2905 1056 2961 et
1072 2894 1241 2972 συμβολάς
1257 2898 1455 2965 confundere
1469 2902 1612 2992 potuisse

435 3008 470 3071 in
501 3028 539 3071 eo
570 3002 654 3067 libro
685 2998 889 3090 praesertim,
924 3010 1021 3086 quom
1050 3009 1156 3065 totum
1189 3022 1227 3066 ex
1256 2999 1462 3069 comicorum
1489 3006 1612 3073 fabulis

436 3106 641 3201 composuit?
673 3106 746 3171 Non
767 3104 860 3169 aliter
880 3100 1030 3169 dicebant
1054 3104 1151 3169 Attici
1169 3128 1264 3194 quam
1287 3109 1455 3185 συμβολὰς
1477 3109 1609 3188 διδόναι,

434 3214 568 3285 τιθέναι,
594 3208 813 3281 κατατιθέναι,
838 3207 901 3273 νίπδ
925 3208 1094 3286 συμβολῶν
1119 3209 1215 3276 simil.
1264 3211 1399 3277 Afforom
1428 3236 1446 3279 ο
1474 3214 1613 3282 Μιλη-

438 3335 505 3385 ιιλο
534 3313 717 3404 exemplum
743 3324 779 3377 ut
806 3310 986 3378 emendem.
1037 3312 1236 3381 Δτιιιιιακυε
1259 3316 1311 3383 vl.
1331 3341 1363 3407 p.
1386 3308 1504 3387 270'n.
1526 3322 1552 3386 εί
1579 3322 1613 3387 δὲ

440 3419 626 3501 λουσόμεναι
650 3415 788 3499 λυγαίρια
812 3418 995 3495 δειπνοῦμεν

688 3523 802 3605 μικρόις
826 3522 931 3601 τίθημι
957 3524 1126 3603 συμβολόιε
1148 3528 1353 3608 ιίκροόιμενος,
1423 3522 1425 3526 ’

442 3630 529 3699 κατόν
563 3631 615 3696 τὸν
642 3628 830 3710 Μένανδρον.
879 3627 986 3718 Lepor
1014 3629 1080 3695 Iooi
1108 3630 1294 3698 Menandrei
1318 3634 1429 3724 periit,
1454 3648 1487 3702 ιιι
1508 3648 1615 3728 potest
1701 3654 1704 3658 ’

442 3736 516 3805 elici
538 3758 575 3801 ex
595 3733 644 3799 his
665 3733 769 3800 verbis
788 3734 953 3801 Porrucrs
976 3732 1029 3801 Vl.
1052 3738 1105 3802 12.
1127 3737 1323 3817 σίσιίμβσλοι,
1344 3741 1408 3805 οίπδ
1429 3744 1615 3820 συμβολῶν,

444 3844 506 3924 αφ’
534 3836 572 3907 ὧν
597 3841 623 3905 οἱ
653 3838 791 3905 Ἀττικοὶ
823 3839 975 3920 μακρόις
1007 3840 1147 3906 διδόναι
1180 3843 1383 3922 συμβολὰς
1411 3845 1522 3924 ἔλεγον
1545 3847 1616 3912 σίντί

446 3949 501 4013 τοῦ
525 3942 689 4023 μεγόλας.
738 3941 939 4036 Intelligisne
963 3943 1182 4012 Morinorum
1205 3946 1250 4013 sio
1273 3972 1339 4015 esse
1364 3949 1523 4016 iocatumt

692 4047 817 4128 μακρόις
841 4047 947 4125 τίθιρμι
970 4050 1140 4129 συμβιλόις
1162 4052 1363 4133 οίκροιθμειος.

492 4152 531 4219 In
561 4152 696 4242 Dialogo
725 4156 755 4219 9.
784 4154 802 4237 §
825 4156 856 4218 2.
887 4154 961 4233 πρὸς
990 4154 1023 4219 δὲ
1050 4156 1085 4219 σέ
1111 4158 1166 4221 οὐκ
1194 4156 1233 4222 ίιι
1256 4154 1342 4224 εἶπον
1364 4159 1481 4231 αλλ’όι
1504 4161 1623 4237 ήκουσα

446 4257 622 4340 ἐβουλόμην
649 4260 762 4331 εἰπεῖν,
795 4255 930 4324 emenda
959 4258 1061 4339 σθχόί
1086 4257 1171 4328 είπον
1193 4264 1271 4329 αλλ’
1292 4262 1314 4331 ίι
1336 4266 1464 4341 ήκιυσα.
1499 4264 1539 4328 Io
1560 4268 1622 4348 §4

448 4366 543 4437 miles
570 4364 612 4430 ad
637 4364 854 4430 meretricem:
879 4362 980 4429 οθκέτι
1004 4364 1068 4446 γόιρ
1092 4367 1336 4447 ἁρπασθήσομαι
1357 4371 1414 4435 ὑπὸ
1438 4372 1503 4434 σοῦ.
1529 4390 1625 4436 ιιιιιιι·

448 4494 545 4562 quam
574 4468 636 4535 hoo
665 4480 739 4543 erat,
761 4469 898 4549 facturn,
930 4490 1037 4559 neque
1061 4485 1165 4567 melos
1193 4485 1317 4539 αιτιοι
1340 4474 1431 4539 fieret
1455 4494 1624 4563 umquam.

449 4577 585 4667 corrige:
611 4574 894 4656 διαρπασθήσσμαι.
921 4572 1035 4665 ,Saepe
1056 4576 1207 4659 σὶρπσίζειν
1221 4589 1262 4647 ,οι
1282 4578 1462 4664 διαρποίζειι
1484 4580 1625 4647 confun-

451 4682 583 4751 duntur.
631 4678 670 4751 In
689 4678 822 4747 Hellen.
843 4678 903 4749 III.
924 4698 947 4748 1.
970 4688 1000 4750 8.
1023 4680 1215 4764 κατηγόρουν
1237 4683 1301 4765 γόιρ
1325 4687 1422 4752 αιἰτιῖι
1445 4686 1472 4751 οἱ
1496 4687 1628 4771 σόμμοιὸ
