3767 5717
856 612 921 681 ror
1031 590 1036 599 '

298 816 370 889 κοῶς
396 810 502 882 tesan
529 807 583 875 sel
610 807 731 885 σίτησιν
755 806 879 875 διδόναι.
910 830 942 899 p.
966 810 1041 876 425.
1066 807 1222 874 Φίλιιιιιον
1236 816 1381 890 χαλκοῦν
1403 810 1478 881 teat-

297 944 346 986 σιν
367 930 400 984 et
420 942 454 1008 p.
474 918 550 984 807.
574 912 704 979 Σόλωνα
726 917 871 993 χαλκοῦν
890 915 920 977 ἐν
945 916 1048 998 ayone
1073 921 1186 988 ςησαι,
1211 925 1245 979 et
1273 938 1365 1006 saepe
1388 916 1474 1008 apud

242 1084 251 1095 .
297 1026 386 1092 alios.
433 1023 547 1113 Itaque
572 1020 599 1085 si
618 1018 670 1085 cui
691 1030 794 1084 statua
816 1040 853 1083 er
876 1042 948 1085 aere
969 1032 1050 1086 esset
1071 1020 1175 1110 posita
1197 1013 1367 1087 dicebatur
1386 1038 1475 1104 χαλ-

297 1137 369 1204 κοῦς
393 1128 514 1198 sedans.
550 1126 754 1193 Hunouortts
770 1122 811 1189 ll.
834 1126 909 1192 ill.
934 1127 987 1191 καὶ
1010 1133 1062 1193 νῶν
1086 1125 1178 1203 ienae
1202 1130 1233 1193 ἐν
1255 1130 1298 1210 τῷ
1323 1131 1373 1210 ἱρῷ
1398 1130 1476 1194 λίθι-

297 1258 363 1308 νος,
398 1232 442 1298 sio
463 1242 508 1305 et¹
515 1233 650 1311 χρυσοῦς
673 1227 766 1304 ἕςηκε
796 1228 914 1297 dicitur
941 1244 974 1296 ct
1001 1232 1056 1307 ἔςη
1082 1242 1114 1296 et
1135 1233 1290 1309 ςηοοταις
1311 1256 1378 1299 uon
1399 1234 1477 1299 item

297 1339 431 1411 ςαῶῶναι
461 1348 493 1402 et
518 1335 724 1411 ςαδηαεσῶαι,
761 1356 843 1424 quae
869 1348 945 1401 sunt
973 1336 1161 1403 Graecitatis
1185 1337 1420 1428 languescentis
1443 1351 1477 1405 et
1591 1396 1600 1412 ,

298 1441 445 1507 labentis.
496 1438 579 1523 Quid
611 1438 722 1505 Ριλτο
743 1439 904 1529 scripserit
926 1454 1034 1532 potest
1058 1442 1119 1509 iarn
1148 1466 1185 1507 er
1205 1441 1254 1508 his
1275 1446 1400 1534 colligi,
1422 1445 1478 1511 sed

298 1568 419 1612 norum
453 1546 576 1612 accedit
611 1542 830 1611 emendationi
865 1546 1063 1637 praesidium
1090 1570 1108 1613 e
1141 1547 1267 1613 Leaena
1296 1546 1479 1617 Puorrstte.

299 1653 444 1719 Pennus
471 1652 577 1719 nescio
609 1650 695 1717 nude
725 1663 837 1718 nactus
866 1666 912 1719 est
940 1655 1070 1744 antiqua
1091 1653 1125 1717 iu
1147 1654 1327 1719 Patrensis
1347 1653 1479 1721 Scholia
1569 1679 1577 1691 ·

299 1759 451 1850 perdocta
471 1772 504 1826 et
523 1758 659 1848 vulgatis
679 1757 842 1849 plerisque
861 1760 973 1824 multis
993 1760 1138 1850 partibus
1157 1759 1309 1838 meliora,
1340 1784 1423 1850 quae
1445 1762 1478 1827 in

301 1889 391 1933 suom
422 1866 612 1957 farraginem
645 1865 765 1955 recepit
801 1877 832 1931 et
864 1866 987 1932 utiliter
1014 1866 1056 1930 ab
1088 1866 1197 1955 aliquo
1223 1879 1428 1932 secernentur
1446 1878 1480 1932 et

300 1972 473 2038 Platonicis
493 1972 663 2039 addentur.
710 1969 748 2035 ln
771 1994 848 2037 soce
868 1973 1051 2052 Κυψελιδῶν
1073 1971 1223 2050 dealdune
1243 1984 1333 2038 retus
1353 1985 1385 2039 et
1403 1995 1481 2064 per·
1501 2026 1506 2031 .
1535 2048 1539 2055 Ι

303 2076 465 2142 eruditum
484 2076 638 2143 Scholion
658 2076 691 2141 in
711 2076 869 2143 Phaedri
889 2077 911 2142 l.
929 2076 951 2143 l.
973 2077 1122 2156 serravit,
1146 2077 1178 2149 in
1200 2101 1359 2167 quorem
1382 2078 1480 2144 lectio

301 2182 457 2272 perlucet.
504 2182 542 2247 ln
573 2178 816 2247 unico'Codioe
838 2192 886 2246 est
905 2182 1107 2263 σφυρήλατος
1133 2182 1163 2245 ἐν
1189 2183 1344 2261 ὀλυμπίαν
1371 2183 1477 2259 ἕςῶθη.

301 2286 437 2351 emenda
456 2285 562 2362 ἕςαῶι,
589 2308 685 2377 quam
706 2286 842 2353 formam
864 2283 1032 2364 Graeculi,
1053 2286 1127 2376 quia
1149 2285 1272 2353 dudum
1293 2288 1481 2367 amiserant,
1554 2305 1556 2313 ·
1585 2361 1590 2369 ι

301 2391 527 2481 interpolando
556 2393 669 2458 tollere
699 2404 920 2471 assuererunt,
952 2404 990 2458 ut
1017 2392 1052 2457 in
1079 2394 1217 2459 Dtertttr
1243 2394 1481 2485 Epigrammata

301 2496 437 2565 Anthol.
464 2497 524 2565 Gr.
550 2496 622 2563 Vol.
644 2496 669 2563 l.
691 2522 722 2588 p.
745 2502 809 2567 tat
828 2498 960 2564 luccas.

414 2600 599 2684 Φωσφόρος,
625 2599 645 2666 ὦ
671 2606 799 2684 οῶτειοζ
826 2604 875 2668 ἐπὶ
901 2601 1072 2676 Παλλάδος
1096 2601 1203 2688 iscla
1227 2605 1350 2687 κλήρου.

302 2708 368 2774 imo
398 2705 496 2777 ἕςαῶι.
541 2704 681 2771 Confusa
703 2719 778 2773 sunt
798 2735 816 2784 η
839 2720 916 2783 etr,
950 2718 987 2771 ut
1017 2706 1050 2772 in
1075 2706 1312 2797 Epigramrnate
1338 2710 1425 2801 qnod
1446 2712 1479 2777 in

304 2814 419 2880 eodem
446 2810 578 2877 Scholia
606 2824 722 2893 exstat,
756 2814 820 2893 εἰμὶ
851 2816 928 2891 ἐγώ,
964 2812 1021 2877 ubi
1051 2812 1129 2878 alibi
1156 2812 1281 2878 ostendi
1300 2816 1393 2895 οἷ’μη
1416 2820 1479 2896 ἐγώ

304 2918 538 2987 emendandum
559 2942 634 2986 esse.
683 2918 772 3004 Quae
796 2920 829 2984 in
856 2919 921 2984 line
943 2918 1061 3009 legitur
1079 2917 1223 2985 eiusdem
1244 2919 1481 3011 epigrammatis

305 3025 428 3093 diversa
454 3022 576 3089 forma:
742 3102 745 3108 Ι
1215 3114 1218 3119 ,

504 3129 568 3209 εἰμὶ
593 3130 654 3209 ἐμῶ
678 3128 768 3208 salies
792 3131 1000 3214 παγχρύοεός
1022 3134 1087 3211 εἰμι
1112 3131 1259 3205 κολοσσός

552 3234 667 3313 ἐξώλης
692 3234 738 3311 εἴη
763 3239 945 3317 Κυψελιδῶν
968 3234 1077 3316 γενεαὶ.

306 3340 351 3406 ita
373 3338 454 3405 mihi
476 3339 664 3429 corrigenda
689 3340 815 3407 videtur
839 3353 874 3407 ut
898 3336 1079 3408 scribatur:¹

504 3447 529 3510 sl
552 3446 597 3523 μη
622 3448 714 3526 ἐνὼν,
739 3443 836 3525 ὦναξ,
862 3449 1068 3529 παγχρύσεοι
1091 3448 1158 3512 xri.

313 3548 415 3633 Quam
431 3549 595 3640 depravati
607 3562 639 3616 et
655 3551 840 3641 interpolati
858 3552 921 3617 sint
933 3552 1098 3618 Pannonis
1108 3550 1244 3617 Codices
1259 3553 1356 3618 etism
1369 3554 1483 3643 optimi
1542 3627 1546 3633 ¹

307 3667 340 3723 et
370 3655 533 3722 veterrimi
561 3656 734 3746 aliquando
766 3656 998 3747 dedita'opera
1029 3657 1276 3722 demonstrabo:
1308 3659 1342 3723 in
1369 3659 1484 3725 ricinia

307 3762 386 3841 loci,
412 3761 452 3827 de
474 3783 538 3851 quo
563 3761 716 3841 diximus,
740 3761 834 3827 huius
853 3762 898 3829 rci
920 3762 1045 3851 insigna
1064 3761 1295 3829 documentum
1315 3778 1377 3842 est,
1395 3764 1484 3855 quod

308 3868 411 3934 obiter
432 3868 599 3933 ostendere
618 3868 715 3936 iurat.
738 3894 772 3959 p.
793 3872 907 3955 2369.
929 3866 1037 3933 editur
1057 3869 1160 3951 ῥητέον
1179 3870 1239 3948 μὲν
1255 3869 1318 3951 γάρ
1338 3894 1384 3934 σοι
1402 3896 1484 3936 ιιαν-

306 3975 359 4047 ric
392 3976 517 4053 μᾶλλον
544 3972 639 4046 οὕτως
670 3972 751 4047 ὅπως
782 3970 841 4045 οἷός
866 3998 901 4039 rs
924 3969 963 4039 εἷ.
994 3968 1047 4038 ἵνα
1071 3974 1102 4039 δὲ
1123 3974 1168 4051 μη
1191 3974 1227 4038 νδ
1249 3980 1308 4038 τῶν
1333 3977 1484 4056 κωμῳδῶν

306 4080 452 4161 Φορτικδν
478 4083 617 4161 πρῶγμα
643 4078 898 4162 ἀναγκαζώμεθα
925 4088 1023 4144 ποιεῖν
1047 4078 1306 4150 ῶντανιοδιδόντες
1331 4081 1484 4156 enatans

309 4182 515 4261 εὐλαβηῶητι.
549 4184 687 4275 optimus
707 4186 843 4275 quisque
864 4183 972 4251 Codex
996 4206 1070 4250 cum
1090 4183 1208 4249 eximio
1227 4184 1412 4249 Bodleiano
1431 4208 1485 4251 ex-

309 4286 401 4355 hibet
430 4287 481 4354 i'aa
505 4292 568 4369 μή,
597 4310 663 4353 non
683 4288 733 4355 ἵνα
758 4292 789 4357 δὲ
810 4294 865 4369 μη.
890 4291 1030 4381 optime,
1054 4291 1080 4355 si
1100 4290 1322 4379 importunum
1344 4290 1485 4368 οὐλαβηι

309 4394 376 4468 ῶητι
396 4394 596 4484 magistello‚
624 4395 680 4484 qui
700 4394 883 4485 adscripsit,
907 4395 1099 4474 reddideris,
1117 4407 1155 4460 ut
1173 4394 1224 4461 ἵνα
1246 4397 1290 4474 μη
1310 4393 1487 4483 pendeata

309 4498 413 4564 verbis
437 4501 539 4581 ῥητέον
563 4501 680 4573 παντὸς
704 4498 844 4578 μῶλλον,
871 4502 925 4566 sed
946 4501 984 4565 ad
1007 4494 1190 4567 Luctantur
1213 4499 1318 4564 redeo.

355 4602 395 4669 Iu
426 4607 519 4691 §te
549 4604 675 4672 soloece
705 4603 811 4671 editur
839 4605 916 4687 φέρε
946 4606 1209 4683 ἀπολογήσομαι,
1245 4614 1331 4670 recte
1363 4605 1425 4681 59,
1454 4608 1485 4671 6.

308 4708 387 4791 Φέρε
416 4710 599 4791 διέλθωμεν,
635 4724 704 4779 tum
738 4708 844 4779 ἕκαςοι
873 4708 957 4783 τοὺς.
977 4709 1051 4775 ro'rs
1086 4709 1245 4777 coalescat
1279 4709 1313 4775 in
1341 4706 1484 4778 ἑκοὶςοτε.
