3767 5717
886 611 955 674 303

327 806 473 896 Margite:
497 805 550 870 τδν
578 805 605 870 δ’
628 804 700 870 οθτε
720 810 892 884 σκαπτήρα
917 803 974 870 θεοὶ
1002 803 1095 870 θέσαν
1114 795 1178 870 οθτ4
1200 808 1413 890 άροτήρα,.64
1433 829 1501 880 sex·

327 912 446 978 centies
473 909 558 1000 apud
582 909 755 976 ttosssus
779 920 811 975 et
830 916 940 1000 poetas
966 921 1086 976 veteres
1106 932 1224 978 omues.
1275 912 1314 978 At
1338 918 1502 984 nemesio

322 1019 356 1083 iu
384 1017 491 1082 Attica
521 1015 717 1106 loquebatur
746 1027 781 1080 ut
811 1015 980 1081 Locutus
1012 1019 1070 1092 64,
1108 1019 1135 1081 4.
1164 1014 1288 1095 άβατον
1313 1021 1370 1098 την
1395 1023 1501 1104 χάραν

323 1124 441 1200 τίθησιν
464 1135 520 1188 eut
542 1127 601 1201 20,
631 1126 683 1191 50.
707 1119 878 1202 μακρόβιον
904 1119 1030 1194 ἔθεσαν,
1056 1131 1110 1186 aut
1130 1124 1169 1198 9,
1196 1125 1251 1201 44,
1276 1125 1305 1186 2.
1331 1124 1502 1208 ὑπόπτερον

321 1226 427 1304 ἔθηκεν
459 1241 515 1312 eut
546 1232 603 1306 17,
639 1231 669 1292 7.
698 1227 797 1300 τίθησι
825 1224 950 1296 δούλους
972 1225 1042 1288 ἐντ’
1072 1225 1249 1304 ἐλευθέραν,
1283 1237 1337 1290 eut
1361 1232 1422 1307 45,
1450 1237 1501 1296 13.

321 1331 552 1411 περιβλέπτους
581 1332 634 1396 καῖ
669 1329 825 1407 ἀοιδίμους
860 1330 890 1392 ἐν
918 1329 1043 1409 βραχεῖ
1066 1329 1182 1404 τίθησιν
1206 1341 1260 1395 aut
1285 1335 1343 1410 49,
1370 1337 1420 1399 46.
1443 1342 1498 1400 τοῦ

319 1435 428 1516 άςέρος
458 1438 511 1501 τδν
533 1436 610 1518 άέρα
631 1435 718 1515 ξηρόν
739 1432 792 1498 καὶ
817 1434 931 1507 διακαῆ
956 1433 1108 1508 τιθέντος,
1129 1445 1184 1500 aut
1204 1439 1265 1516 60,
1290 1441 1344 1504 25.
1368 1443 1419 1503 νῦν
1441 1441 1498 1518 μὲν

320 1539 430 1619 Νίνον,
465 1546 517 1606 νῦν
554 1542 585 1605 δὲ
617 1537 800 1618 Μητίοχον,
825 1534 896 1602 εἶτα
925 1539 1011 1616 μετά
1036 1541 1143 1620 μικρὸν
1171 1542 1333 1622 Ἀχιλλέα
1360 1543 1498 1622 τιθεῖσα,

318 1656 359 1710 et.
382 1645 479 1724 alibi,
512 1666 594 1734 quae
624 1643 666 1710 eb
695 1645 834 1710 Honuuo
859 1653 891 1707 et
911 1641 1051 1732 Tiugicis
1071 1656 1174 1710 sumtu
1196 1644 1339 1736 reliquae
1359 1649 1495 1718 orationi

318 1774 384 1816 non
409 1752 483 1816 setis
508 1749 736 1816 convenienter
757 1747 872 1814 inserta
895 1761 977 1816 sunt.
1024 1749 1214 1817 contrahis
1236 1755 1388 1820 ποιεῖσθαι
1415 1753 1495 1820 dixit

315 1857 376 1924 ubi
395 1857 511 1922 melius
535 1857 672 1922 τίθεσθαι
697 1853 854 1944 posuisset
875 1857 911 1920 tt
923 1903 933 1934 ,
958 1859 987 1922 6.
1008 1855 1097 1934 νόμον
1121 1857 1305 1936 ἐποιήσαντο
1325 1868 1357 1922 et
1379 1862 1436 1936 45,
1462 1861 1494 1924 9.

320 1963 411 2041 νόμον
446 1962 633 2038 ποιήσασθαι
664 1983 723 2049 pro
754 1959 855 2024 ἔθεντο
888 1971 921 2024 64
950 1961 1069 2038 θέσθαι,
1101 1959 1189 2050 quod
1218 1984 1328 2028 omnes
1355 1963 1388 2027 iu
1408 1985 1444 2028 ee
1464 1977 1496 2028 tte

320 2067 481 2134 dicebaut.
526 2064 683 2132 Similiter
711 2065 805 2130 nullo
834 2065 981 2155 exemplo
1014 2065 1093 2131 dixit
1125 2070 1160 2145 4,
1196 2068 1223 2132 4.
1254 2070 1382 2150 γραφήν
1411 2066 1495 2133 ἐθετο

319 2196 378 2264 pro
399 2171 576 2252 ἐγράψατο.
611 2170 658 2235 Ex
682 2169 789 2236 Poetis
808 2170 943 2260 erripuit
961 2170 1099 2256 τέθηπα,
1123 2183 1159 2237 ut
1181 2179 1215 2253 5,
1237 2177 1288 2238 56.
1308 2172 1494 2250 τεθηπότες,

314 2281 378 2358 54,
402 2279 455 2342 20.
477 2275 648 2349 τεθήπασι,
678 2279 735 2355 47,
760 2275 846 2341 tut
876 2276 902 2361 δ’
928 2276 1040 2357 epacte
1069 2278 1228 2354 τεθηπέτω
1256 2280 1378 2361 άφορθν
1404 2279 1434 2350 ἐς
1458 2280 1493 2344 τὸ

314 2382 443 2465 χρυσίον
461 2390 493 2444 64
513 2378 607 2457 aiibi,
629 2401 688 2470 pro
708 2380 1006 2459 καταπέπληγμαιι
1027 2379 1169 2447 indidem
1191 2381 1316 2462 δέδορκα
1336 2404 1395 2471 pro
1414 2383 1496 2460 βλέ-

317 2514 367 2556 ποι
387 2499 423 2554 ut
444 2488 579 2563 20,·20.
610 2490 668 2565 46,
685 2491 716 2552 6.
737 2495 769 2550 et
790 2489 851 2563 46,
874 2489 924 2550 44.
950 2486 1053 2550 άντίον
1074 2487 1193 2568 δέδορκε
1212 2509 1271 2576 pro
1291 2488 1492 2564 άντιβλέπει.

316 2573 418 2678 Quem
445 2591 599 2656 ridiculus
628 2591 739 2657 fuisset
767 2589 899 2656 Athenis
919 2589 975 2680 qui
994 2589 1109 2658 όπιοπα
1128 2590 1259 2658 dixisset
1277 2613 1335 2681 pro
1357 2591 1491 2672 έθριικιι,

310 2711 372 2764 eut
392 2698 509 2772 τέθηλα
528 2720 587 2786 pro
608 2699 685 2763 άνθοῖ
707 2709 762 2764 sut
783 2696 953 2776 ε’λελόγχει
975 2717 1034 2786 pto
1054 2698 1193 2778 εἰλήχει,
1215 2697 1302 2786 quod
1324 2696 1494 2764 Lucterius

314 2806 392 2872 iacit
417 2806 476 2882 36,
499 2808 557 2881 16,
580 2803 631 2868 vel
651 2805 850 2881 ἐπαταγεῖτο
871 2825 929 2892 pro
950 2803 1064 2885 ἐψόφει
1088 2807 1146 2884 44,
1167 2807 1201 2883 4,
1221 2804 1272 2870 vel
1290 2801 1492 2881 σκιδνάμενος

313 2918 352 2990 3.,
368 2914 410 2975 37
432 2920 464 2973 64
484 2908 728 2974 διασκίδνασθαι·
742 2914 780 2985 6,
799 2911 858 2985 20,
880 2914 899 2974 5
918 2931 977 2998 pro
999 2908 1295 2986 διασκεδάννυσθαι,
1315 2907 1366 2976 vel
1386 2909 1491 2986 άμθσ-

310 3043 373 3085 σοιν
403 3019 461 3093 50,
489 3016 529 3078 16
553 3036 612 3102 pro
633 3011 842 3093 σπαράττων,
866 3013 917 3080 vel
939 3013 1134 3097 πλαζόμενον
1159 3019 1216 3096 47,
1241 3018 1282 3080 27
1315 3026 1346 3080 64
1371 3015 1491 3095 πλαζο-

308 3123 391 3202 μένη
426 3125 463 3200 6,
497 3124 523 3185 4.
553 3122 611 3201 69,
649 3121 690 3184 40
717 3119 1004 3208 ρτοτλανοιμένη,
1033 3118 1085 3186 τ64
1114 3121 1258 3202 φαμένου
1280 3124 1338 3200 37,
1363 3121 1405 3184 66
1431 3141 1490 3208 pre
1589 3195 1592 3202 ¹

310 3227 467 3299 εἰπόντος,
506 3223 684 3303 γεινάμενοι
716 3226 777 3301 59,
811 3231 824 3288 i
856 3246 914 3313 pro
952 3231 1072 3302 γονεῖς,
1104 3223 1193 3297 δίκας
1224 3223 1372 3300 ἐτισάτην
1397 3227 1489 3290 123

310 3357 369 3424 pro
392 3333 493 3409 δίκην,
524 3327 739 3406 ἐπεςαλμένον
767 3333 829 3407 32,
853 3332 896 3396 56
921 3352 981 3419 pro
1002 3329 1295 3409 προστεταγμένον,
1322 3332 1488 3410 ἐπεκορυσ-

309 3440 407 3517 σόμην
432 3439 516 3518 αὐτῷ
547 3437 606 3513 32,
632 3437 673 3499 57
702 3455 761 3523 pre
788 3434 1022 3518 έπηλειφθμην,
1047 3443 1082 3497 ut
1112 3432 1240 3498 dixisset
1264 3432 1407 3513 Atticus,
1432 3434 1483 3500 vei

308 3541 489 3624 ὥπλιζθμην
518 3541 568 3603 ἐπ’
593 3538 702 3610 αὐτόν,
728 3543 852 3619 μορφῆς
877 3532 911 3602 εὖ
934 3539 1070 3612 ήκοθσας
1102 3539 1160 3614 39,
1188 3541 1225 3602 14
1249 3561 1309 3627 pro
1329 3538 1484 3621 ἐχούσας,
1586 3601 1591 3614 ,

306 3646 522 3728 άμειβομένου
560 3647 620 3722 32,
657 3647 697 3708 49
733 3667 793 3733 pro
827 3641 1085 3723 άποκρινομέυιν,
1119 3643 1282 3720 ἐπιβήσειν
1316 3645 1372 3719 10,
1401 3645 1437 3720 6,
1466 3647 1486 3710 4

307 3776 367 3845 pro
387 3749 600 3830 ἐπιβιβάσειν.
632 3748 728 3814 Multi
748 3749 803 3814 elii
826 3745 975 3813 Graeculi
993 3746 1082 3824 βήσοο
1103 3758 1136 3812 et
1155 3745 1260 3825 έβησα
1281 3748 1321 3814 eb
1339 3747 1482 3816 Housso

306 3871 341 3925 et
372 3859 550 3924 iiuuouoto
580 3867 683 3920 sumta
714 3853 865 3920 dicebaut
893 3874 951 3942 pru
974 3851 1058 3929 βιβοῖ
1088 3864 1120 3917 64
1142 3853 1299 3931 ἐβίβασα.
1348 3852 1483 3920 indocte

307 3962 526 4030 Antiuttieistu
555 3962 709 4026 Bffltttt
739 3959 865 4026 Aneed.
888 3957 913 4024 4.
938 3983 971 4048 p.
999 3960 1062 4038 85,
1088 3961 1117 4024 6.
1138 3958 1286 4041 βιβάζειν
1311 3971 1342 4024 64
1361 3961 1482 4037 βαίνειν

304 4067 456 4147 confudit
483 4080 515 4134 et
541 4067 632 4132 addit
658 4090 724 4133 esse
753 4067 811 4157 qui
840 4066 976 4131 doceant
1007 4064 1176 4142 έκβήοαι
1206 4065 1267 4132 δεῖν
1296 4065 1481 4144 λέγεινκαὶ

302 4175 545 4253 καταβήσαι
565 4175 619 4238 οὐκ
639 4172 855 4251 ἐκβιβάσαι
875 4171 927 4237 καί
952 4168 1255 4247 καταβιβάσαι,
1278 4169 1366 4261 quud
1387 4170 1483 4260 plane

299 4293 414 4349 eontra
445 4291 502 4344 est.
548 4277 671 4342 Iterum
698 4301 729 4368 p.
762 4281 845 4356 404,
871 4274 1212 4353 4.καταβιβάοαι
1236 4278 1336 4358 φασίν
1360 4283 1393 4344 οθ
1419 4281 1480 4348 δεῖν
1556 4309 1561 4320 ·

299 4389 426 4467 λέγειν,
458 4384 549 4450 άλλθι
580 4385 826 4462 καταβήοαι.
875 4384 976 4449 Recte
1002 4381 1083 4448 elius
1109 4407 1139 4472 p.
1161 4387 1241 4461 395,
1269 4387 1319 4448 46.
1340 4386 1479 4475 άνέβη-

299 4518 380 4560 σενι
415 4490 623 4569 ἐνεβίβασεν.
654 4488 749 4562 οὕτως
784 4488 939 4570 Ἡρόδοτος
966 4488 1004 4573 (i.
1026 4491 1079 4556 80.
1100 4486 1212 4568 ἄνδρας
1238 4489 1288 4554 ἐπὶ
1316 4491 1478 4567 καμήλους

302 4598 474 4684 άνέβηοε),
499 4597 556 4687 qui
581 4595 644 4662 hoc
663 4617 793 4687 quoque
813 4616 890 4660 cum
907 4594 1018 4662 multis
1037 4592 1106 4689 eliis
1126 4591 1166 4656 ab
1191 4590 1333 4658 Houuuu
1353 4596 1479 4677 sumsit,
1565 4607 1568 4613 '
1629 4690 1635 4704 .

297 4725 406 4793 ,quum
424 4701 522 4772 Ioues
535 4703 666 4772 illorum
685 4715 868 4794 temporum
886 4693 1271 4786 tvesstssteetuicerent,
1290 4721 1356 4788 quo
1371 4701 1476 4769 minus
