3767 5717
879 581 946 646 ³27

323 775 401 843 dum
419 786 474 859 aut
491 772 734 844 consolandum.
781 774 855 842 Uno
875 773 1024 864 exemplo
1046 785 1132 854 utar,
1165 774 1239 866 quia
1260 786 1429 868 corruptus
1448 777 1500 848 lo·

322 903 379 946 eus
405 892 452 946 est
481 891 514 947 et
542 879 619 946 hino
647 879 830 948 emendatio
862 879 1046 946 eonlirmari
1078 891 1195 970 potest.
1248 881 1381 972 Legitur
1412 883 1500 976 apud

322 985 492 1053 ltruosru.
512 1011 547 1077 p.
570 989 648 1066 tlt,
668 990 723 1053 24.
746 996 811 1060 τοῖς
841 989 1050 1067 ταλαιπώροις
1082 985 1245 1066 Ὠρείταις
1272 989 1404 1054 τουτοισί
1432 991 1500 1054 έπι-

322 1091 533 1172 σκεψομένους
556 1090 620 1174 ἔφη
644 1092 717 1164 τοὺς
737 1092 914 1173 τρατιύτας
937 1091 1141 1173 πεπομφέναι
1167 1093 1239 1156 κατ’
1265 1091 1394 1156 εύνοιαν.
1423 1113 1500 1158 τον·

322 1196 465 1266 ύιίνεσίαι
501 1195 565 1276 γίιρ
598 1196 713 1269 αύτούς
747 1197 787 1268 oie
819 1200 937 1288 νοσοῦσι
973 1193 1040 1282 [καί
1067 1192 1268 1278 τασιοίζουσιν
1298 1197 1329 1260 ἐν
1358 1195 1498 1282 αύτοῖς].

322 1297 431 1370 Codes
460 1298 483 1366 S
512 1301 631 1368 omittit
660 1302 691 1366 ἐν
718 1302 826 1374 αὐτοῖς
854 1299 911 1367 sed
939 1320 1004 1366 uon
1035 1311 1083 1366 est
1107 1299 1198 1366 satis:
1222 1299 1317 1391 periit
1342 1299 1499 1368 mordacis

320 1405 399 1475 dieti
428 1407 580 1486 seuleus„
612 1405 723 1476 addito
754 1406 941 1497 importuno
971 1405 1166 1492 emblemate
1193 1407 1247 1474 καί
1282 1406 1498 1489 στασιύζουσι.

323 1519 438 1578 Νοσεῖν
459 1510 500 1581 de
519 1512 646 1582 civitate
662 1503 784 1578 dictu'nr
800 1512 886 1582 idem
906 1534 973 1578 esse
990 1512 1078 1601 quod
1096 1511 1257 1594 τκσιοίζειν
1274 1534 1370 1578 nemo
1386 1511 1499 1580 nescit.

323 1613 389 1684 Sed
417 1614 496 1682 haee
523 1630 592 1685 erat
612 1617 755 1709 Philippi
772 1618 925 1699 εῖριονεία,
955 1629 991 1684 nt
1013 1617 1046 1684 iu
1066 1625 1163 1684 νοσεῖν
1184 1615 1311 1682 luderet
1328 1638 1366 1684 ao
1386 1639 1418 1684 se
1437 1618 1499 1686 mi·¹

323 1718 398 1785 sisse
419 1719 540 1790 dioeret
557 1724 629 1796 τοὺς
652 1722 934 1804 ἐπισκεψομένους,
961 1723 1019 1812 qui
1038 1734 1182 1812 aegrotos
1198 1723 1371 1790 inviserent
1388 1733 1421 1789 et
1441 1743 1499 1788 uu-

320 1838 438 1894 rarent.
474 1827 531 1892 llst
553 1826 827 1917 operaepretium
848 1825 929 1894 duos
951 1827 1030 1896 elios
1049 1828 1282 1908 Dulostusuls
1302 1828 1389 1895 locos
1409 1849 1499 1896 uom-

320 1953 433 2021 parare
452 1955 485 2021 p.
506 1934 565 2010 22,
585 1935 616 1996 7.
641 1940 819 2003 Θετταλοῖς
846 1931 1030 2015 τασιοίζουσι
1054 1933 1108 2000 καί
1133 1932 1381 2015 τεταραγμένοις
1407 1931 1500 2012 ἕβοιί-

321 2037 404 2111 ίκσε.
442 2034 545 2104 codd.
575 2033 675 2101 tlt).
705 2038 825 2100 νοσοῦσι
851 2035 905 2100 καί
931 2035 1116 2121 τασιοίζουσι
1146 2037 1199 2103 καί
1227 2036 1499 2119 τεταραγμένοις,

320 2151 354 2208 et
379 2164 411 2230 p.
435 2145 515 2222 121,
536 2145 566 2208 1.
599 2141 725 2206 ἐπειδὰν
756 2140 787 2205 δὲ
817 2141 891 2220 πρὸς
921 2149 1085 2215 νοσοῦντας
1118 2143 1148 2205 έν
1180 2142 1286 2214 αὑτοῖς
1318 2141 1498 2230 προσπέσρ,

322 2245 424 2314 (lodd.
449 2247 488 2316 Α.
507 2259 539 2314 et
558 2247 581 2316 S
604 2251 768 2317 νοσοῦντας
787 2247 818 2312 έν
838 2247 946 2329 αὐτοῖς
970 2246 1023 2312 καί
1046 2246 1302 2328 τεταραγμένους
1321 2246 1499 2331 προσπέσρ,

323 2351 380 2418 nbi
400 2352 668 2442 interpolatorum
687 2371 800 2418 manus
819 2354 1021 2440 agnoscitur,
1040 2365 1076 2418 ut
1097 2363 1145 2418 tot
1166 2351 1235 2418 aliis
1253 2352 1351 2426 loeis,
1377 2353 1433 2420 ubi
1449 2364 1499 2421 tu·

322 2477 397 2521 men
415 2457 537 2522 nemini
556 2456 733 2546 quidquam
754 2454 891 2522 subolet.
911 2480 943 2546 p.
964 2461 1024 2535 23,
1044 2460 1097 2522 28.
1126 2478 1261 2545 maguus
1284 2468 1390 2522 orator
1406 2457 1499 2526 dixe·

321 2570 370 2624 rat
399 2561 432 2624 αί
467 2559 531 2639 γύιρ
561 2559 726 2639 εὐπραξίαι
759 2559 854 2626 δειναί
884 2564 1068 2642 συγκρύψαι
1098 2561 1140 2626 τοὶ
1171 2565 1292 2626 τοιαῦτ’
1321 2561 1429 2637 ὀνείδη.
1461 2563 1498 2633 in

322 2660 400 2730 cod.
421 2663 457 2728 B.
490 2662 655 2728 annotatio
682 2673 729 2728 est
756 2662 791 2729 in
810 2686 908 2753 marg.
931 2665 1113 2746 συγκρύψαι
1137 2665 1207 2730 riori
1232 2670 1286 2730 τοῦ
1313 2665 1496 2736 συσκιοίσαι.

321 2767 360 2834 Ιιι
381 2768 513 2834 caeteris
532 2768 681 2834 omnibus
702 2767 820 2857 legitur
847 2769 941 2833 δειναί
971 2768 1152 2849 συγκρύψαι
1179 2768 1426 2836 solummodum
1452 2771 1498 2836 rol

320 2878 455 2938 τοιαῦτα
475 2873 590 2948 ὀνείδη,
616 2885 841 2963 praeterquam
860 2871 894 2939 in
912 2871 936 2937 S
956 2883 988 2940 et
1006 2873 1047 2950 F,
1071 2872 1127 2938 ubi
1145 2884 1251 2940 tamen
1271 2872 1411 2940 secunda
1426 2897 1499 2944 nu·

321 2998 381 3043 nus
402 2975 572 3044 συσκιιίσαι
594 2977 779 3068 adscripsit3
803 2976 865 3043 hoe
886 2976 985 3066 igitur
1004 2975 1165 3045 emblema
1186 2979 1235 3044 ἐπ’
1257 2981 1427 3064 αὐτοφώρῳ
1447 2991 1499 3052 1οκ
1593 2983 1597 2992 ’

318 3069 441 3149 nemus.
489 3080 577 3148 Num
606 3087 713 3158 minus
737 3083 905 3150 manifesta
936 3081 1015 3150 haee
1043 3081 1207 3150 videntur:
1230 3087 1288 3162 20,
1313 3089 1366 3152 28.
1390 3086 1497 3168 μικρὸν

322 3197 477 3266 πταῖσμα
499 3185 618 3254 ἅπαντ’
640 3190 828 3271 ἀνεχαίτισε
862 3188 929 3278 [καί
954 3188 1110 3276 mitond,
1144 3187 1277 3254 verbum
1298 3212 1369 3258 ecre
1388 3203 1421 3258 et
1443 3205 1501 3258 rei

320 3291 452 3358 hemeras
481 3303 514 3358 et
543 3295 711 3383 splendida
740 3294 927 3386 metaphora
959 3306 1124 3384 tamquam
1152 3295 1238 3362 nube
1266 3297 1454 3366 obseuratur
1479 3319 1501 3364 a

321 3395 474 3486 languido
501 3409 533 3462 et
561 3400 826 3491 insipido-serbo
858 3401 992 3465 διέλυσε.
1042 3397 1116 3464 Nou
1144 3396 1261 3488 legisse
1280 3402 1315 3468 in
1335 3427 1393 3470 suo
1413 3403 1497 3470 libr'e

320 3501 631 3571 Hanuocuastouuss
657 3505 732 3569 satis
760 3514 891 3594 apparet
915 3502 1001 3593 apud
1021 3503 1126 3594 ipsum
1146 3504 1180 3568 iu
1207 3527 1236 3570 τ.
1256 3507 1460 3586 ἀνεχαίτισεν
1474 3518 1502 3576 ¹.

320 3604 425 3670 Multo
455 3606 551 3674 etiam
580 3609 671 3698 peius
700 3607 843 3675 Oratoris
873 3608 970 3674 rerba
997 3607 1191 3698 interpolate
1214 3621 1287 3675 sunt
1308 3634 1342 3700 p.
1364 3615 1423 3692 21,
1445 3601 1506 3680 20,

320 3709 409 3784 ίίπας
432 3712 490 3791 μὲν
512 3712 607 3791 λύγος
628 3714 668 3781 ίιν
693 3715 760 3798 dorp
787 3714 830 3779 τύι
853 3712 1036 3794 πράγματα
1059 3712 1197 3792 μοίταιίν
1215 3738 1245 3779 τι
1269 3715 1420 3798 φαίνεται
1443 3717 1497 3782 καί

322 3814 424 3890 κενύν,
456 3815 585 3894 μοίλιςα
612 3821 639 3886 δ’
662 3820 677 3884 o‘
703 3819 791 3901 παρίι
817 3827 873 3893 τῆς
899 3817 1055 3897 ἡμετέρας
1085 3815 1215 3891 πόλεας·
1244 3817 1303 3902 dorp
1331 3820 1395 3903 γίιρ
1419 3820 1501 3888 irot-

320 3918 436 3999 μίτατ’
456 3922 541 4002 αὐτῷ
565 3922 712 4004 δοκοῦμεν
737 3927 873 4005 χρῆσθαι
899 3923 1035 4004 τοσούτῳ
1060 3925 1185 4001 μᾶλλον
1204 3925 1351 3993 οίπιςοῦσι
1378 3924 1497 4000 ποίντες

321 4025 422 4106 αύτῷ,
442 4027 579 4114 pessime
598 4041 631 4094 et
651 4030 776 4097 soloece
796 4028 973 4120 composita
993 4037 1067 4093 sunt
1088 4024 1146 4111 ίσιρ
1167 4027 1359 4108 ἑτοιμότατα
1382 4067 1429 4081 -
1445 4055 1497 4098 το-

354 4259 374 4328 l)
392 4264 425 4313 In
442 4263 533 4314 talibus
549 4265 659 4315 multum
677 4271 714 4315 est
731 4265 758 4315 in
776 4245 1006 4314 Hmoeiramous
1023 4263 1152 4327 praesidii,
1169 4264 1213 4328 qui
1234 4277 1373 4327 numquam
1390 4263 1498 4327 scripsis-

320 4355 358 4399 set
375 4349 651 4417 Πρυτανεύοντα
666 4375 696 4386 -
710 4350 774 4400 ἀντί
790 4352 840 4400 τοῦ
858 4350 1031 4409 διοικοῦντα,
1051 4348 1072 4398 si
1090 4349 1116 4397 in
1135 4363 1180 4399 suo
1198 4348 1381 4398 Drnosrnsua
1396 4349 1499 4411 legisset

319 4449 345 4498 p.
364 4439 411 4495 58,
430 4439 469 4483 18.
489 4435 608 4484 κατιδὼν
628 4435 663 4484 τὰ
680 4432 746 4501 παρ’
766 4431 840 4493 ὑμῶν
858 4431 1044 4496 [διοικοῦντα]
1067 4432 1196 4497 Φιλίππῳ
1215 4433 1290 4496 [καί]
1310 4431 1498 4499 πρυτανεύον-

320 4535 373 4579 τα,
401 4534 461 4568 uum
482 4519 550 4568 hunc
567 4521 650 4584 ipsum
666 4519 751 4580 lorum
770 4519 878 4567 indicet:
902 4529 986 4582 neque
1010 4515 1206 4568 Πολιτεῖαι
1226 4517 1303 4573 ἰδίως
1322 4513 1440 4567 εἰώθασι
1459 4519 1497 4586 τῷ

320 4599 433 4662 ύνύματι
448 4607 570 4670 χρῆσθαι
589 4604 615 4654 oi
630 4602 741 4669 ῥήτορες
759 4603 804 4652 ἐπὶ
823 4606 871 4667 τῆς
888 4602 1092 4669 δημοκρατίας,
1111 4602 1133 4650 si
1150 4600 1251 4664 legisset
1265 4615 1289 4664 p.
1311 4605 1372 4662 100,
1393 4605 1431 4652 te.
1451 4603 1497 4669 tg-

322 4687 392 4755 θρίιν
408 4693 455 4755 τῆς
469 4689 611 4749 πολιτείας
627 4689 690 4755 [καί
703 4693 753 4754 τῆς
768 4687 985 4757 δημοκρατικῇ,
1003 4701 1068 4754 quse
1081 4686 1195 4740 funarius
1208 4686 1335 4751 descripsit
1347 4701 1371 4752 p.
1381 4691 1444 4748 1³5,
1457 4692 1497 4738 12.
