3767 5717
963 599 1035 661 -174

413 792 582 861 teterrimis
604 789 736 857 maculis
756 790 881 857 foedata
903 802 969 869 est,
993 790 1201 859 Furuutscus
1220 808 1286 859 ont.
1307 790 1430 869 trau,
1459 790 1588 857 Biblio-

411 898 526 965 thecae
554 896 784 963 laurentianae
811 896 1009 976 Praefectus,
1035 898 1147 987 (quem
1170 897 1384 963 venerabilem
1403 919 1510 963 senem
1530 920 1587 963 su·

410 1008 575 1097 perstitem
603 1016 635 1069 et
663 1002 776 1069 eodem
804 1026 937 1069 munere
957 1002 1146 1092 fungentem
1172 1001 1252 1068 mihi
1272 1002 1379 1067 ridere
1398 1002 1533 1091 contigit
1553 1014 1588 1068 et

412 1112 480 1176 cius
500 1109 732 1175 humanitatem
755 1107 920 1197 experiri),
944 1109 1137 1197 scripturam
1156 1109 1342 1197 recognovit
1362 1119 1395 1171 et
1414 1106 1589 1172 nonnullas

411 1213 566 1279 lectiones
587 1212 802 1303 discrepantes
822 1213 862 1277 ab
883 1212 935 1290 iis,
954 1234 1034 1301 quas
1056 1211 1262 1278 (luculentus
1281 1213 1436 1290 dedisset,
1452 1211 1590 1301 protulit

410 1330 443 1384 et
469 1341 528 1407 per
546 1320 684 1384 amicum
708 1317 831 1385 Olaurt
851 1317 963 1384 edidit.
1007 1317 1212 1384 Constemus
1236 1330 1347 1384 contra
1369 1318 1402 1382 iu
1424 1316 1588 1405 Epistola

410 1423 596 1511 Encyeliea
614 1425 689 1489 istas
709 1424 863 1489 lectiones
878 1422 973 1488 falsas
993 1436 1026 1488 ct
1041 1424 1281 1490 commenticias
1296 1446 1364 1489 esse
1382 1422 1587 1499 criminatur,

411 1528 451 1594 de
481 1552 570 1595 more
599 1528 792 1594 adversarios
821 1541 915 1594 acuto
942 1552 1019 1593 naso
1046 1529 1252 1619 suspendens.
1299 1529 1356 1593 Est
1383 1549 1421 1594 ea
1440 1527 1586 1615 Epistola

409 1634 445 1699 in
467 1636 610 1699 omnium
630 1634 870 1725 philologorum
890 1637 1053 1713 manibus,
1077 1648 1108 1701 et
1129 1636 1204 1725 quin
1222 1658 1317 1701 nemo
1335 1632 1500 1723 respondit
1517 1633 1589 1698 eiua

413 1740 479 1805 fide
499 1752 609 1805 statur.
640 1738 744 1821 Quum
768 1740 835 1829 ipse
857 1738 1011 1805 Codicem
1029 1752 1209 1806 excuterem
1228 1742 1325 1811 noris
1339 1737 1592 1805 difficultatibus

411 1844 508 1909 lectio
536 1856 603 1909 crat
634 1842 799 1934 impedita.
847 1843 974 1935 Nempe
1002 1847 1111 1912 conati
1137 1859 1211 1912 suut
1238 1871 1299 1937 ope
1321 1846 1488 1934 chymicae
1509 1846 1586 1911 artis

411 1950 553 2015 macules
581 1949 695 2015 tollere
714 1949 768 2015 sed
789 1949 915 2017 frustra.
963 1953 1109 2018 Maeuiae
1130 1953 1271 2018 colorem
1291 1963 1474 2029 mutarunt,
1497 1951 1586 2016 eni·

410 2056 474 2145 gris
494 2055 686 2121 subfuscum
715 2056 856 2121 colorem
877 2070 1087 2148 acceperuut:
1117 2080 1200 2147 quae
1222 2079 1294 2146 pars
1315 2057 1490 2146 scripturae
1510 2080 1586 2123 era·

410 2172 491 2226 serat
519 2161 696 2225 madefacta
717 2174 749 2226 ct
769 2152 898 2228 redenis
921 2164 1021 2229 oblita
1045 2174 1134 2227 tanto
1155 2185 1251 2252 opero
1269 2162 1425 2251 expalluit
1447 2174 1482 2227 ut
1500 2182 1584 2229 non-

410 2267 471 2332 nisi
500 2266 710 2333 intensissima
730 2268 897 2333 oculorum
916 2270 984 2335 acie
1004 2269 1180 2360 quidquam
1203 2268 1348 2333 extricari
1370 2268 1479 2358 possit.
1519 2268 1585 2335 Diu
1626 2319 1632 2323 -

409 2384 440 2439 et
469 2373 608 2438 multum
645 2372 750 2437 omnia
785 2373 917 2439 rimatus
955 2374 1017 2463 legi
1047 2373 1206 2463 quidquid
1235 2397 1299 2439 oon
1327 2385 1374 2438 est
1407 2386 1584 2441 atramento

406 2486 535 2570 prorsus
562 2478 767 2544 obscuratum
796 2490 828 2543 et
858 2478 963 2545 dicam
990 2478 1031 2544 de
1052 2480 1193 2568 singulis.
1241 2479 1278 2543 ln
1300 2502 1344 2544 rs.
1362 2483 1384 2545 6
1404 2480 1438 2545 in
1461 2478 1584 2546 Codice

331 2661 339 2672 „
407 2594 454 2649 est
484 2583 537 2648 κιιὶ
561 2584 602 2649 τὰ
623 2589 706 2648 vore
727 2584 774 2650 ls'ss
804 2584 930 2649 acuitur
954 2585 986 2649 δέ
1009 2585 1043 2649 io
1068 2598 1209 2650 extremo
1229 2606 1322 2651 versu
1341 2585 1514 2675 seriptum:
1547 2585 1583 2651 in

405 2690 553 2781 sequenti
586 2712 677 2756 rersu
707 2687 868 2756 Gounrun.
899 2690 1001 2756 edidit
1030 2690 1243 2765 ιὲπολιυιὺτης
1267 2692 1284 2779 ἡ
1309 2689 1391 2770 σὰρξ
1421 2691 1581 2756 ὑπέπιπτε

404 2795 566 2874 uenienti.
615 2794 725 2859 Fran
753 2796 833 2877 σὰρξ
862 2794 1084 2861 κιιθνπέπιπτε
1118 2793 1273 2883 scriptum
1304 2815 1372 2861 ease
1399 2793 1581 2863 contendit.

405 2900 497 2967 Nihil
516 2898 604 2965 aliud
626 2922 713 2964 nunc
732 2900 834 2965 oculis
855 2900 994 2965 discerni
1012 2911 1118 2990 potest
1139 2921 1255 2989 quam:

542 3072 584 3114 rs.
609 3052 639 3112 7.
673 3050 774 3112 ιὶπιλσ
792 3098 1039 3116 ..........
1065 3049 1205 3115 πὲπϊπτε
1229 3050 1382 3127 pendani

539 3174 583 3216 rs.
608 3154 638 3216 8.
673 3151 725 3215 uxi
750 3152 823 3217 τότε
847 3154 904 3231 μὲν
928 3153 991 3234 γὰρ
1017 3154 1047 3217 ἒν
1072 3154 1207 3230 lucente
1233 3148 1266 3228 ἦν
1291 3154 1305 3217 ὃ
1329 3152 1425 3231 ἥλιος.

408 3360 413 3367 -
448 3315 532 3383 lbid.
553 3314 707 3403 Gountttt
725 3314 831 3383 dedit:
865 3318 979 3392 ἑιιντῆς
1004 3316 1110 3398 ἥψαντο
1128 3315 1284 3390 πολλάκις
1306 3319 1332 3383 ei
1352 3320 1577 3401 τρυφερώτερον

405 3422 451 3499 ain
477 3421 661 3503 πειρωμένη.
697 3420 734 3487 ln
757 3420 875 3509 Codice
896 3432 942 3487 est
960 3420 1178 3501 τρνφεριιτέριι
1197 3419 1391 3508 compendio
1409 3424 1580 3514 scriptum

403 3527 491 3619 quod
511 3527 713 3619 ingeniosum
733 3528 899 3597 homiuem
918 3526 1050 3593 feteltit:
1081 3524 1235 3615 scripturn
1259 3534 1306 3587 est
1325 3532 1464 3609 πριιφεριι
1487 3542 1520 3595 et
1539 3556 1575 3612 τρ

402 3657 476 3701 cum
496 3646 632 3701 accentu
651 3616 746 3703 acuto
766 3635 1028 3725 superscriptum.
1075 3632 1128 3698 l's.
1147 3635 1178 3696 9.
1203 3630 1354 3696 corrue
1371 3640 1427 3707 τῆς
1454 3635 1485 3699 δὲ
1504 3630 1575 3702 ὑςεὲ

401 3740 511 3823 ριιιίις,
536 3740 721 3815 Ἑυλιλτῆς
739 3741 769 3804 δὲ
791 3739 948 3815 ἐπιούσης.
997 3738 1092 3803 Nunc
1111 3735 1193 3801 nihil
1214 3748 1354 3826 superest
1373 3746 1574 3825 praetermis

402 3846 434 3911 δὲ
447 3892 543 3911 .....
566 3840 635 3918 ἧκον
657 3846 699 3915 εἰς
721 3845 776 3918 τὴν
792 3845 896 3921 νομήν.
947 3842 1019 3909 Sed
1031 3842 1166 3907 Loacus
1183 3842 1266 3907 solet
1288 3850 1344 3915 τῆς
1362 3844 1505 3920 ἐπιούσης
1526 3843 1578 3911 di·

401 3972 481 4015 cere.
529 3950 577 4014 Vs.
604 3952 657 4012 20.
690 3947 785 4013 πόσιιι
817 3949 969 4027 μέλιτται
1009 3949 1122 4028 κέντριι
1162 3949 1273 4021 ε’νῆιινιν
1309 3945 1400 4010 ἀλλὰ
1438 3947 1574 4031 ἔφιιγιν.

401 4076 498 4144 quam
527 4054 643 4121 vellem
669 4077 705 4119 ea
724 4053 883 4144 particula
902 4052 1000 4122 hodie
1020 4053 1084 4143 legi
1103 4064 1227 4143 posset,
1261 4052 1394 4141 utquid
1416 4076 1474 4143 pro
1493 4054 1574 4137 ἔφρι-

362 4215 366 4223 .
398 4184 454 4239 ρον
486 4162 639 4250 scriptum
671 4160 767 4225 fuerit
796 4170 984 4249 appareret,
1016 4174 1091 4225 nam
1116 4158 1240 4240 ἔφιιριν
1261 4157 1573 4247 importunissimum

399 4276 456 4331 est.
501 4266 554 4331 Vs.
577 4270 631 4331 22.
664 4267 724 4331 alla
749 4266 813 4343 ιιῖξ.
846 4262 998 4329 Gouutnn
1027 4264 1090 4329 εἴτε
1121 4264 1272 4330 enotavit.
1321 4265 1492 4353 Perspicua
1512 4265 1573 4329 εἴθε

399 4372 628 4462 scriptumest.
663 4371 715 4439 Vs.
737 4374 789 4435 26.
815 4369 966 4437 Gouututt
986 4370 1073 4471 πριριὶ
1095 4370 1138 4435 τρὶ
1164 4370 1274 4450 ἄντριι.
1323 4369 1419 4433 Furia
1438 4370 1511 4448 πρὸς
1535 4368 1571 4430 τὸ

397 4474 517 4559 ἄντρον.
568 4475 698 4545 Certum
727 4488 774 4541 est
804 4476 836 4539 iu
857 4475 968 4541 codice
987 4474 1031 4561 ari
1053 4476 1206 4565 scriptum
1226 4496 1292 4543 esee
1315 4485 1347 4537 et
1366 4471 1490 4562 liquido
1513 4492 1572 4557 ap·
1629 4485 1634 4495 ·

397 4595 504 4672 paret;
523 4584 647 4674 reliqua
666 4596 729 4650 tam
750 4584 883 4649 obscura
903 4594 978 4649 suut
990 4594 1024 4648 ut
1040 4602 1216 4673 numquam
1232 4579 1392 4670 potuerim
1409 4598 1469 4668 pro
1484 4585 1574 4641 certo

347 4680 350 4691 '
397 4693 535 4754 statuere
559 4700 665 4755 utrum
686 4714 729 4755 τιι
749 4698 911 4781 aeramen
931 4713 986 4757 τιν
1011 4708 1122 4770 enarro
1149 4697 1356 4777 compareret.
1403 4681 1573 4755 Caeterum
