3767 5717
403 612 468 667 xlv

403 809 599 884 nimquam
619 789 747 881 natum.
762 786 856 860 esset
877 787 939 859 aut
959 782 1079 863 statim
1098 803 1322 883 oppressum,
1346 784 1377 864 si
1396 784 1487 871 hanc
1509 786 1577 865 sibi

406 912 557 1012 quisque
576 910 690 1010 legem
710 909 858 986 scribam
879 909 1061 999 voluisset,
1086 916 1127 985 ut
1148 911 1237 987 nihil
1258 912 1424 1011 preferret
1445 913 1484 989 in
1504 938 1577 993 me·

403 1041 503 1117 dium
533 1038 603 1116 nisi
636 1038 736 1114 cuius
760 1037 926 1115 idoneum
949 1037 1145 1137 exemplam
1175 1065 1218 1115 cx
1241 1040 1386 1138 probato
1413 1040 1576 1140 scriptore

402 1173 621 1266 suppeteret,
653 1173 690 1239 et
712 1171 806 1241 esset
826 1163 1000 1241 aberratio
1022 1164 1291 1244 describentium
1316 1136 1504 1259 eiusmodi,
1535 1176 1577 1255 ut

401 1320 505 1395 saepe
534 1295 571 1372 iu
599 1287 721 1369 eadem
747 1318 785 1372 re
808 1293 931 1367 eodem
954 1292 1059 1369 modo
1082 1292 1237 1370 librarios
1258 1316 1416 1394 peccasse
1440 1303 1576 1377 consta·

399 1429 463 1499 ret.
497 1422 572 1502 Qui
592 1422 682 1498 hanc
705 1421 875 1497 rationem
896 1420 1044 1520 experiri
1063 1422 1174 1511 volet,
1195 1428 1277 1497 ante
1297 1424 1415 1503 omnia
1441 1424 1487 1517 (si
1504 1426 1575 1503 ulle

397 1556 500 1651 pacto
522 1550 600 1623 fieri
621 1550 762 1648 poterit)
787 1549 882 1649 ipsos
902 1556 1056 1625 vetustos
1080 1550 1225 1627 Codices
1249 1554 1400 1630 Graecos
1427 1553 1574 1653 diligen·

397 1685 452 1755 ter
472 1677 635 1776 inspiciat
658 1685 696 1752 et
717 1703 761 1753 ex
780 1677 867 1775 ipsis
887 1684 1093 1776 cognoscet,
1125 1678 1334 1776 quidnobis
1355 1680 1440 1757 iuris
1465 1680 1511 1757 sit
1535 1681 1573 1757 ia

398 1804 504 1883 libres
537 1807 587 1881 sic
615 1805 772 1898 habitos,
804 1805 931 1883 deiude
961 1805 1118 1881 observet
1146 1806 1416 1904 quibusmodis
1443 1808 1574 1889 scribac

398 1941 530 2015 veteres
556 1960 697 2034 peccare
725 1934 797 2011 sint
828 1934 941 2022 soliti,
967 1960 1057 2032 quae
1082 1934 1251 2033 scriptura
1277 1933 1315 2009 in
1336 1958 1443 2034 quam
1469 1936 1573 2022 aliam

396 2063 497 2140 facilc
517 2061 696 2161 depravari
713 2061 841 2161 possit,
860 2086 949 2160 quae
969 2062 1105 2137 litterae
1129 2061 1199 2137 sint
1219 2062 1310 2144 inter
1326 2088 1363 2139 se
1381 2063 1574 2140 simillimae

395 2215 437 2265 ac
463 2214 574 2291 paene
597 2189 758 2278 eaedem,
784 2212 875 2287 quae
900 2188 1106 2289 compendia
1126 2189 1325 2287 permisceri
1346 2196 1382 2263 et
1406 2192 1573 2267 confundi

396 2317 545 2407 soleant,
562 2342 652 2415 quae
665 2317 704 2392 in
720 2316 902 2393 scribendo
919 2316 1084 2393 omittant
1098 2316 1228 2393 scribac
1240 2317 1469 2416 antiquiores,
1483 2344 1572 2418 quae

396 2471 419 2521 a
450 2445 670 2543 sequioribus
700 2444 792 2519 male
826 2450 863 2518 et
893 2443 1011 2542 inepte
1045 2444 1205 2543 suppleta
1232 2468 1296 2519 nos
1329 2445 1572 2540 ludificantur,

342 2550 346 2553 .
394 2597 487 2671 quae
522 2567 631 2672 siglae
666 2572 736 2647 sint
766 2596 807 2647 ac
838 2577 942 2647 uotae
975 2579 1149 2647 certorum
1183 2572 1387 2662 verborum,
1422 2573 1573 2672 denique

397 2726 489 2801 quae
523 2702 569 2775 sit
603 2701 664 2777 illa
696 2700 886 2777 annotandi
920 2706 957 2778 et
991 2700 1185 2800 explicandi
1213 2702 1447 2791 cousuetudo,
1480 2702 1575 2777 unde
1626 2707 1630 2716 '

394 2836 448 2905 tot
468 2830 608 2907 inficeta
630 2838 666 2906 ct
684 2830 818 2905 insidsa
835 2828 1073 2905 additamenta
1092 2829 1378 2907 venustissimum
1398 2856 1572 2929 quemque

394 2958 563 3032 Veterum
599 2934 805 3056 deturpent,
839 2964 877 3031 et
909 2980 999 3054 quae
1030 2955 1075 3029 sit
1108 2963 1338 3034 correctorum
1369 2958 1406 3033 in
1433 2982 1571 3035 summa

395 3084 534 3163 inscitia
556 3108 673 3159 rerum
696 3091 732 3159 et
753 3083 922 3160 sermonis
938 3083 1079 3183 antiqui
1099 3084 1310 3167 incredibilis
1330 3087 1474 3164 audacia
1492 3110 1571 3161 mu-

395 3214 497 3291 tandi
522 3220 558 3287 et
580 3212 812 3311 interpolaudi
837 3212 1011 3311 quidquid
1035 3220 1236 3311 corruptum
1262 3221 1316 3289 est
1336 3222 1398 3289 aut
1419 3214 1496 3289 istis
1521 3213 1570 3293 vi-

393 3342 507 3419 detur.
557 3341 699 3420 Quibus
725 3341 896 3418 Codicum
920 3343 1131 3420 Graecorum
1157 3341 1450 3440 inspiciendorum
1474 3342 1570 3419 nulla

393 3478 447 3551 est
467 3470 633 3557 facultas,
654 3475 865 3566 componant
884 3468 971 3542 mihi
984 3468 1114 3544 Busan
1135 3469 1291 3568 egregias
1312 3469 1567 3545 observationes

392 3596 702 3697 Palaacgraphicas
729 3599 925 3674 Garanum
955 3596 1164 3675 Ooarururo
1191 3598 1364 3672 subiectas
1391 3620 1473 3672 cum
1498 3596 1569 3671 dis-

342 3814 349 3837 ·
390 3726 610 3825 erepentium
635 3725 882 3826 scripturarum
901 3725 1053 3815 acervis,
1083 3750 1171 3825 quos
1189 3726 1226 3802 in
1245 3748 1385 3824 quoque
1404 3723 1568 3823 scriptore

390 3854 488 3931 docti
501 3854 653 3931 editores
671 3855 952 3942 accumularunt,
975 3862 1011 3927 et
1031 3878 1074 3929 ex
1097 3879 1138 3929 eo
1159 3861 1305 3927 stercore
1323 3876 1480 3951 gemmas
1499 3853 1567 3928 col·

391 3982 499 4080 ligere
531 3981 668 4057 discant
696 3983 855 4081 exemplo
882 4006 1101 4057 summorum
1127 3979 1352 4068 Criticorum,
1375 3981 1414 4055 in
1439 3981 1567 4078 quibus

389 4108 557 4187 omnibus
588 4109 801 4209 singularem
833 4108 1124 4208 Palaeographiac
1158 4108 1317 4207 peritiam
1349 4108 1463 4183 inesse
1493 4106 1567 4181 aaa

390 4236 620 4313 madvertent.
676 4238 798 4315 Quam
832 4237 955 4314 vellem
990 4236 1084 4311 docti
1115 4234 1272 4311 homines
1296 4236 1386 4314 hanc
1411 4233 1567 4312 criticam

388 4364 663 4464 supellectilem,
708 4390 833 4469 quam¹
850 4364 1007 4461 undique
1041 4371 1288 4460 comportatum
1319 4373 1355 4437 et
1388 4389 1438 4439 ex
1470 4361 1568 4439 libris

388 4492 709 4591 qualibuscumque
730 4491 872 4591 optimis
893 4490 1053 4589 pessimis
1074 4514 1156 4565 cum
1179 4490 1372 4590 pulvisculo
1396 4517 1567 4595 corrasam

272 4635 275 4638 ’
389 4620 619 4721 scriptoribus
650 4619 804 4719 antiquis
835 4620 1033 4719 appendere
1063 4620 1195 4708 solent,
1228 4619 1278 4695 ita
1296 4618 1501 4729 'discernere
1531 4628 1567 4703 et

393 4750 550 4849 digerere
583 4750 722 4828 delectu
754 4750 843 4825 laeto
875 4757 912 4827 et
943 4750 1141 4851 qiusqmliis
1178 4749 1320 4827 abiectis
1356 4747 1566 4836 voluisseut,
