3767 5717
971 593 1037 658 rtt

412 784 579 879 ἐπιδείξαιο
605 783 728 874 corrige
757 785 902 863 ἐπιδείξει
923 792 940 875 §
962 792 991 853 t.
1010 787 1053 860 είς
1079 786 1151 858 τοὺς
1176 786 1312 859 πολλοὺς
1333 794 1498 869 παρεῖναι,
1524 785 1591 853 imo

411 912 486 957 vero
510 891 651 971 παριέναι
674 901 709 954 ut
735 892 752 975 §
779 894 808 955 2.
830 892 873 963 είς
897 893 939 957 τα
965 892 1067 967 natta
1088 894 1223 971 παριύν,
1243 903 1276 957 et
1294 891 1424 973 ποίροδος
1444 890 1524 958 haec
1542 904 1592 957 eet

412 1019 477 1061 nou
501 995 667 1075 παρουσία.

411 1126 419 1133 ·
457 1100 495 1166 In
515 1100 643 1188 Scyllia
663 1104 724 1180 24,
742 1106 773 1169 2.
804 1104 834 1166 ἐν
858 1104 984 1186 ύριςερρῖ
1011 1105 1054 1175 είς
1078 1102 1293 1180 Ἀκαδήμειαν
1318 1100 1490 1174 οὶπιύνταν,
1516 1100 1588 1190 lego

407 1206 562 1271 οὶνιίντυν.
609 1206 821 1275 Athenienses
841 1208 991 1281 dicebant
1009 1207 1140 1285 οένιίντι,
1165 1207 1220 1282 sed
1240 1205 1364 1296 saepius
1382 1206 1427 1271 sie
1449 1216 1587 1296 peceant

408 1310 578 1377 Lucrinus
598 1325 629 1377 et
650 1316 808 1405 aequales.
844 1322 860 1404 §
882 1320 911 1380 3.
937 1316 954 1390 ἡ
977 1314 1054 1387 sotir
1079 1312 1397 1377 advertetandem
1418 1316 1586 1391 πατριῶτις

406 1411 501 1495 οὖσα,
524 1418 698 1484 rectissime
720 1427 887 1502 πατριῶτις
912 1418 1006 1497 dixit,
1031 1440 1106 1483 uam
1124 1416 1263 1505 Scythae
1283 1427 1315 1480 et
1331 1415 1460 1481 barbari
1474 1437 1585 1480 omnes

408 1519 492 1586 inter
522 1546 554 1587 se
581 1536 656 1588 sunt
683 1530 876 1605 πατριῶται,
904 1537 938 1590 ut
961 1523 1075 1589 Graeci
1095 1534 1236 1588 πολῖται.
1260 1520 1337 1586 hine
1356 1522 1478 1610 corrige
1499 1521 1588 1585 Ptre-

409 1643 492 1691 Tlutt
513 1650 539 1691 v.
562 1630 753 1707 πατριῶταιε
778 1631 804 1693 oi
826 1629 926 1693 δοῦλοι
949 1634 1010 1693 τῶν
1035 1628 1205 1702 Ἑλλήνων.
1237 1635 1367 1691 πολῖται
1393 1628 1424 1691 δὲ
1449 1628 1474 1691 σι’
1499 1625 1588 1690 ε’λεύ-

407 1732 493 1811 ύεροι.
528 1732 554 1795 οἱ
587 1732 616 1794 δὲ
649 1734 720 1805 τοὺς
751 1732 931 1813 βαρβίρους
961 1734 1152 1813 πατριώτας.
1187 1733 1332 1821 corrupit
1362 1730 1449 1795 bunc
1476 1730 1586 1796 locum

407 1835 593 1913 PousouuS,
620 1837 706 1925 quod
729 1862 799 1903 raro
820 1838 911 1903 facit:
942 1839 972 1903 in
997 1838 1093 1902 unico
1112 1834 1231 1912 Codice
1252 1849 1300 1902 est
1319 1839 1345 1901 oi
1368 1838 1467 1901 δοῦλοι
1490 1836 1586 1910 ἕλ’λιί-

409 1966 482 2020 ναν,
509 1941 643 2007 eruenda
672 1946 831 2020 οὶλλύλαν.
884 1943 971 2027 Ωιταε
999 1942 1205 2009 Grammatici
1230 1941 1270 2006 de
1297 1940 1476 2006 diseriruiue
1500 1939 1586 2005 inter

407 2047 537 2122 πολίτης
559 2060 589 2111 et
611 2050 786 2130 πατριώτας
807 2048 1007 2114 tradiderunt
1026 2072 1089 2113 uon
1108 2059 1182 2113 sunt
1202 2047 1275 2111 satis
1292 2046 1422 2112 diserta:
1440 2046 1524 2110 eires
1542 2044 1584 2109 li-

407 2150 501 2217 berae
530 2153 665 2218 civitatis
693 2166 766 2219 sunt
791 2155 872 2220 inter
898 2178 930 2219 se
955 2165 1085 2219 πολῖται
1107 2155 1187 2240 (non
1209 2156 1439 2240 σν,κπολι”ται);
1464 2150 1582 2241 quibus

408 2278 472 2349 non
493 2258 626 2347 contigit
645 2260 677 2323 in
699 2260 799 2324 libera
819 2260 947 2324 civitate
967 2258 1054 2324 nasci
1075 2262 1250 2337 πατριῶται
1275 2258 1424 2332 αλλήλων
1445 2280 1513 2323 esse
1531 2256 1582 2322 di·

409 2374 534 2427 cuntur.
582 2363 696 2454 Itaque
727 2363 977 2435 Atheniensibus
1005 2362 1217 2428 Athenienses
1237 2372 1311 2426 sunt
1330 2371 1479 2438 πολῖται,
1506 2362 1587 2452 Sey-

408 2466 482 2533 thae
503 2466 630 2555 Scythis
653 2474 845 2549 πατριῶται,
883 2471 958 2560 quia
981 2473 1012 2534 ἐν
1037 2468 1226 2549 βαρβοίροισι
1251 2469 1359 2531 πύντα
1383 2469 1480 2533 δούλα
1505 2472 1587 2545 πλὴν

409 2572 489 2645 iude,
524 2596 589 2637 non
620 2586 667 2638 est
690 2573 831 2637 barbaris
852 2574 935 2639 iuter
954 2598 988 2639 se
1012 2574 1073 2638 alia
1094 2569 1315 2648 necessitudo,
1345 2593 1443 2660 quarn
1464 2586 1501 2638 ut
1522 2574 1586 2639 sint

408 2678 443 2741 ἐκ
472 2686 528 2751 τῆς
550 2680 647 2753 αὐτῆς
676 2679 842 2759 πατρίδος,
873 2681 975 2746 idest
1005 2682 1123 2761 χώρας.
1170 2675 1223 2741 Sic
1242 2676 1346 2764 Phryx
1367 2678 1502 2768 Phrygi,
1527 2678 1589 2745 Gar

410 2778 497 2859 Gari,
516 2783 623 2871 Lydus
640 2783 731 2873 Lydo
748 2796 795 2849 est
813 2788 1005 2867 πατριύτνς,
1023 2786 1134 2873 itaque
1150 2783 1232 2847 servi
1246 2782 1439 2852 Graecorum
1459 2808 1584 2864 ornnes,

409 2888 434 2953 si
454 2903 527 2955 sunt
550 2890 690 2956 indidem
716 2890 857 2968 oriundi,
890 2897 1065 2971 πατριῶται
1089 2902 1178 2968 sunt,
1210 2892 1287 2979 (non
1308 2890 1585 2974 συροπατριῶται),

409 2994 518 3084 itaque
539 2996 666 3062 Toxaris
689 2997 895 3062 dnaeirarsidi
916 2999 1092 3076 πατριύτης
1113 3009 1180 3062 erat
1200 3019 1265 3061 non
1284 2996 1426 3071 πολίτης.
1461 2995 1585 3061 Simili-

410 3112 458 3164 ter
483 3102 576 3190 equi,
600 3103 626 3167 si
650 3116 724 3169 sunt
746 3103 888 3168 eiusdem
916 3101 1072 3191 regionis,
1091 3108 1265 3183 πατριῶται
1290 3124 1357 3165 esse
1377 3100 1529 3165 dicuutur
1546 3087 1582 3167 in

378 3248 380 3255 ι
413 3202 626 3295 Cyropuedt'a
647 3208 688 3272 H.
711 3227 745 3275 11.
766 3212 818 3274 26.
843 3210 920 3287 ρονδὲ
952 3207 1056 3285 μέντοι
1080 3217 1245 3279 σκοπεῖτε,
1276 3205 1357 3277 ὅπως
1382 3208 1416 3269 ἐκ
1442 3211 1501 3270 τῶν
1526 3230 1585 3272 πο·

409 3316 503 3375 λιτῶν
527 3314 780 3394 ἀντιπληρώσετε
803 3313 862 3386 τας
890 3312 1017 3390 πτύξεις,
1047 3314 1124 3376 αλλ’
1148 3310 1249 3393 ὥσπερ
1272 3307 1432 3383 ἵππουροί
1457 3309 1496 3374 ἂν
1517 3309 1585 3391 dpe-

410 3438 456 3483 ςοι
489 3411 559 3481 ὦσιν
588 3421 648 3498 οὐχ
672 3415 698 3481 οἳ
725 3416 763 3481 tto
786 3422 962 3497 πατριῶται
990 3417 1115 3488 τούτους
1143 3419 1266 3499 ζητεῖτε
1292 3413 1368 3480 edre
1393 3415 1446 3479 καὶ
1473 3416 1585 3496 οίνύρύ-

411 3543 487 3593 πους
512 3523 546 3585 ἐκ
571 3522 695 3586 ποίντιον
720 3521 921 3601 λαμβανετε.
943 3519 1012 3585 'Sic
1034 3523 1098 3593 θεὸς
1116 3521 1292 3601 πατριώτας
1313 3521 1433 3609 optimc
1453 3519 1587 3602 dieitur,

410 3624 465 3690 sed
485 3625 656 3692 absurdunt
677 3639 723 3692 est
744 3626 831 3717 quod
853 3626 986 3692 concur
1009 3625 1068 3693 1t1.
1090 3632 1143 3692 54.
1165 3626 1288 3691 scribit:
1323 3626 1459 3691 Πλοίταν
1479 3628 1584 3703 μέντοι

410 3732 440 3795 ἐν
463 3741 527 3803 τοῖς
551 3733 667 3812 Νόμοις
693 3737 745 3797 καὶ
771 3732 821 3797 ἐπί
846 3734 1004 3807 Ἑλλήνων
1019 3734 1055 3797 τὸ
1071 3739 1245 3812 πατριῶται
1261 3732 1388 3811 εἴρηκεν.
1419 3731 1587 3821 Inspectus

410 3836 500 3902 loeus
520 3849 630 3925 arguet
653 3836 858 3902 Grammatiei
880 3860 1029 3901 errorem.
1078 3836 1210 3926 Legitur
1226 3836 1259 3900 iu
1280 3836 1364 3901 libro
1382 3837 1424 3901 de
1442 3838 1586 3927 degibus

411 3942 466 4009 Vt.
486 3968 517 4032 p.
539 3947 602 4009 777
627 3961 658 4011 e.
683 3943 733 4008 δύο
769 3944 803 4017 δὴ
833 3943 995 4008 λείπεσθον
1027 3942 1108 4022 μόνον
1138 3943 1274 4023 μηχαναὶ
1299 3944 1382 4022 μήτε
1408 3946 1588 4024 πατριώτας

345 4050 350 4064 ‘
409 4048 558 4121 αλλήλων
601 4043 678 4112 εἶναι
716 4048 786 4119 τοὺς
837 4048 1016 4126 μέλλοντας
1056 4051 1125 4130 ῥᾷον
1167 4048 1341 4112 δουλεύσειν
1383 4091 1420 4103 -
1462 4049 1589 4131 τρέφειν

409 4153 439 4214 τ’
459 4153 571 4224 αὐτοὺς
593 4154 698 4232 optet,
737 4176 819 4242 quae
849 4152 966 4241 scripta
993 4164 1068 4216 sunt
1097 4151 1138 4217 de
1166 4156 1275 4216 seruis
1298 4152 1331 4216 in
1354 4152 1460 4217 officio
1481 4154 1587 4219 conti·

409 4255 541 4334 nendis,
574 4256 627 4323 sed
658 4271 731 4323 nota
761 4271 808 4323 est
838 4259 1002 4323 Poucucts
1032 4257 1233 4346 negligentia.
1280 4256 1319 4320 iu
1350 4256 1585 4325 Pubescente

409 4363 587 4454 fragmento
612 4365 696 4454 apud
720 4364 827 4430 Sobel.
851 4364 889 4429 ad
916 4363 1458 4429 nursinentnrsdvesrs.1294.

523 4467 610 4550 οἶμαι
635 4473 660 4536 δ’
685 4473 779 4535 αὐτὸν
804 4471 985 4535 κινδυνεύειν
1009 4472 1051 4543 είς
1075 4477 1132 4543 τῆν
1154 4468 1318 4548 Αἴγυπτον
1347 4468 1462 4558 [idere]

594 4576 641 4609 Η
658 4577 674 4609 *
696 4574 746 4643 ἵνα
769 4576 814 4656 αδ
838 4576 954 4661 Ευνίχρ
977 4586 1056 4643 τοῖσι
1080 4576 1260 4657 Λυκούργου
1286 4575 1488 4655 πατριύπαις.

412 4678 473 4779 boe
495 4681 565 4773 ipso
584 4681 742 4752 vocabulo
762 4682 941 4751 Lroutteos
966 4682 1161 4765 κωμῳδεῖται
1183 4683 1221 4754 ὡς
1243 4678 1327 4757 ξένος
1342 4679 1397 4745 καὶ
1412 4677 1589 4764 βάρβαροι.
