3767 5717
1001 641 1042 702 92

418 825 483 894 tur,
509 819 670 886 anncus
690 817 912 899 κατηγορήσειν
931 812 971 881 δν
989 816 1060 898 δοκή
1073 815 1194 901 reecpit
1206 863 1214 891 ,
1226 833 1338 882 omnes
1359 821 1469 882 errant
1488 823 1520 881 et
1538 835 1606 884 cer·

417 931 485 990 tam
506 922 656 1010 loquendi
676 921 778 1007 legem
796 921 924 989 violant.
958 920 1026 986 Non
1046 928 1095 988 est
1114 919 1253 990 difficilis
1273 920 1358 1007 optio
1381 919 1414 990 in
1439 918 1506 998 his,
1530 922 1607 1007 quia

414 1032 502 1096 δοκεῖ
518 1048 651 1116 prorsus
672 1026 960 1094 est‘necessarium
982 1034 1014 1091 et
1038 1024 1169 1112 perinde
1185 1033 1234 1092 est
1254 1034 1364 1092 utrum
1385 1027 1608 1110 κατηγορήσειν

414 1143 685 1217 ωηκατηγορήναι
707 1130 746 1198 αἰν
767 1131 944 1197 scribatur:
970 1131 1002 1196 in
1028 1131 1145 1196 tatibus
1165 1130 1204 1196 do
1229 1130 1268 1197 ad
1290 1130 1486 1197 infinitivum
1511 1131 1608 1199 ceier-

419 1249 492 1316 tur‚
518 1247 551 1305 at
571 1239 694 1304 librarii
718 1237 759 1304 ad
783 1236 917 1303 verbnm
941 1235 1070 1302 finitum
1094 1234 1239 1304 referunt
1256 1235 1352 1321 idque
1372 1257 1430 1303 suo
1449 1237 1610 1306 arbitratu

419 1364 459 1410 ex
479 1344 653 1410 indicativo
676 1351 734 1408 aut
756 1343 788 1407 in
812 1342 1054 1412 coniunctivum
1069 1351 1125 1409 aut
1139 1340 1237 1429 (quod
1261 1340 1363 1408 multo
1386 1349 1435 1410 est
1458 1341 1606 1430 frequen·

416 1450 494 1537 tius)
520 1451 552 1515 in
577 1449 756 1536 optativum
779 1455 917 1514 mutant.
954 1448 991 1513 ln
1008 1448 1226 1514 Antenorunms
1253 1447 1360 1532 Vespio
1381 1467 1424 1515 vs.
1451 1452 1536 1516 1404
1551 1469 1600 1536 sq.

419 1557 570 1623 Bnnentus
593 1555 710 1623 edidit:

607 1662 633 1726 ei
657 1661 691 1735 νή
716 1660 766 1726 ΔΓ
789 1657 859 1724 ἀντὶ
885 1667 941 1734 τῆς
966 1668 1065 1736 κακής
1089 1660 1234 1738 γλώττης
1258 1657 1348 1724 watto

611 1765 722 1848 τυροὺς
746 1763 847 1846 ντρήαιν
871 1770 1036 1847 σωφρονεῖν
1059 1764 1098 1831 ἄν
1122 1789 1173 1845 μοι
1197 1765 1346 1842 δοκοῖς,

409 1892 613 1961 quamquam
648 1871 743 1944 δοκοῖς
768 1888 826 1955 pro
848 1869 963 1946 δοκοίης
988 1871 1020 1935 in
1045 1871 1254 1936 Anrsrornsnn
1288 1868 1365 1935 ferri
1389 1890 1450 1936 nou
1476 1877 1603 1957 potest,

416 1980 502 2044 etin
527 1977 677 2043 omnibns
708 1975 795 2041 bisce
825 1975 922 2048 δοκεῖς
950 1976 1053 2042 scium
1080 1985 1206 2042 rectum
1233 1983 1292 2042 ert.
1322 1979 1545 2059 κατηγορήσειν
1567 1977 1607 2045 ἄν

415 2084 544 2151 videtur
565 2081 723 2167 hodieque
747 2085 874 2145 tantum
896 2101 959 2145 non
986 2080 1135 2148 omnibns
1159 2081 1239 2154 bene
1267 2082 1380 2150 Graece
1405 2081 1469 2147 dici
1493 2103 1606 2170 posse:

417 2193 494 2258 item
519 2190 736 2270 κατηγορήσων
760 2184 799 2251 ἄν
827 2186 1021 2270 aequissimo
1046 2187 1153 2251 animo
1177 2205 1287 2251 omnes
1310 2187 1540 2274 propemodum
1563 2199 1605 2255 to·

411 2297 531 2363 derant.
581 2293 664 2360 Sunt
697 2300 805 2357 tamen
829 2288 909 2355 liaeo
934 2292 1129 2356 conminus
1158 2311 1255 2377 prava
1277 2299 1310 2356 ct
1339 2291 1484 2370 sciaena,
1509 2314 1546 2360 ac
1575 2294 1602 2360 si

415 2403 488 2488 quis
504 2401 705 2480 κατηγορήσω
729 2395 768 2462 ἄν
792 2394 841 2460 vel
864 2394 974 2474 ἔσομαι
999 2394 1037 2460 iio
1062 2395 1156 2461 veliet
1179 2396 1296 2464 dicere.
1333 2397 1416 2464 Istae
1440 2397 1545 2464 sordes
1562 2417 1601 2464 ex

413 2506 535 2594 plebeio
557 2523 705 2570 sermone
725 2510 758 2568 et
789 2501 919 2568 inscitia
939 2509 998 2568 τῶν
1019 2503 1141 2570 ἰδιωτῶν
1164 2501 1317 2588 paulatim
1342 2500 1496 2586 gliscente
1525 2502 1599 2568 insi·

415 2619 646 2684 nuaruntsese
671 2609 705 2673 in
727 2607 842 2672 onrnia‘
862 2608 1077 2694 Antiquarum
1111 2606 1304 2694 exemplaria
1328 2614 1360 2672 et
1383 2627 1420 2675 ca
1443 2629 1530 2675 nunc
1555 2615 1604 2675 est

413 2717 633 2803 exemplorum
669 2713 871 2800 frequentia,
905 2721 940 2777 ut
972 2715 1068 2779 ctiam
1103 2712 1327 2800 prudentiores
1362 2713 1533 2780 videantur
1566 2713 1604 2782 ab

413 2822 636 2890 emendatione
659 2819 825 2895 deterriti,
849 2820 1123 2903 quaesexeentics
1143 2819 1261 2905 passim
1288 2819 1329 2883 sit
1351 2817 1508 2887 iacienda.
1534 2820 1602 2886 Non

409 2925 506 2994 debet
525 2947 562 2993 ea
584 2947 636 2991 res
657 2924 748 2989 nobis
768 2944 891 2990 moram
914 2923 1037 3002 iacere,
1068 2924 1123 2990 ubi
1152 2923 1310 2989 constabit
1331 2923 1407 2990 haec
1431 2924 1604 2992 Graeculos

415 3031 590 3099 identidem
611 3030 771 3096 invexisse
794 3030 833 3094 de
853 3049 932 3106 suo,
953 3030 1077 3113 etquis
1099 3028 1277 3093 morabitur
1297 3037 1395 3096 testes
1420 3031 1604 3098 istiusmodi

414 3140 470 3225 qni
495 3136 606 3201 sentiet
626 3135 671 3198 ita
691 3133 755 3198 dici
779 3142 811 3199 et
829 3134 926 3199 scribi
952 3153 1013 3197 uon
1040 3133 1152 3219 posse?
1177 3133 1212 3198 ln
1232 3128 1441 3200 Dauosrunnrs
1461 3138 1605 3204 oratione

413 3245 451 3308 de
474 3242 591 3307 Corona
610 3258 682 3326 pag.
703 3242 786 3316 284,
813 3245 863 3306 tt.
895 3243 951 3315 τήν
974 3237 1144 3304 Ἐλάτειαν
1166 3240 1347 3320 κατέλαβεν
1371 3244 1410 3315 ὥς
1434 3244 1495 3309 οὐδ’
1518 3243 1558 3308 ἂν
1576 3242 1607 3308 εἴ

412 3374 443 3415 rt
467 3347 585 3427 γένοιτο
608 3343 654 3410 ἔτι
679 3344 1005 3423 συμπνευσόντων
1029 3342 1067 3408 bv
1091 3346 1174 3424 ἡμῶν
1198 3347 1250 3412 καὶ
1275 3352 1333 3412 τῶν
1359 3348 1523 3427 Θηβαίων,
1548 3367 1600 3416 tte·

414 3454 534 3523 minem
561 3468 714 3535 umquam
747 3449 878 3516 odendit
902 3449 1173 3528 συμπνευσόντων,
1205 3470 1401 3537 quamquam
1431 3473 1524 3518 nemo
1548 3474 1604 3520 ne-

413 3559 533 3626 sciebat
556 3555 812 3637 σνμνινενοήντιον
836 3554 980 3622 eiusdem
1005 3554 1126 3620 farinae
1150 3567 1333 3642 essentque
1356 3557 1517 3640 νηφόντων
1541 3578 1600 3644 pro

410 3665 609 3749 nudandum,
647 3659 703 3726 sed
736 3661 825 3726 aliud
864 3669 933 3737 est,
971 3671 1008 3726 ut
1041 3660 1190 3739 videtur,
1223 3661 1343 3747 aliquid
1367 3684 1431 3730 non
1456 3664 1601 3740 nescire,

412 3773 499 3839 aliud
533 3771 579 3835 ita
605 3769 707 3843 scire,
736 3775 773 3834 ut
804 3787 931 3854 semper
965 3767 999 3831 in
1029 3774 1172 3853 tempore
1202 3769 1397 3835 memineris.
1457 3768 1599 3836 Tandem

412 3880 572 3944 Docnscus
588 3873 755 3940 admonuit
779 3871 1042 3953 ονροιινεοαοὲντων
1069 3890 1139 3938 esse
1161 3873 1406 3940 emendandum.
1455 3874 1534 3954 Quis
1554 3884 1604 3942 est

412 3991 478 4049 tam
501 3979 649 4066 pertinax
670 3985 702 4043 ot
719 3976 862 4055 ferreus,
885 3977 935 4043 vei
956 3975 1125 4062 plumbeus
1149 3977 1273 4062 potius,
1290 3987 1325 4043 ut
1342 3979 1458 4046 audeat
1481 3979 1603 4047 dissen-

410 4086 497 4153 tiret
523 4085 565 4148 tit
588 4080 688 4147 nibilo
701 4082 854 4149 incertior
883 4102 934 4147 res
951 4089 1018 4158 est,
1034 4081 1130 4146 etiam
1155 4081 1275 4166 absque
1294 4084 1428 4150 immani
1442 4085 1602 4154 barbaris·

411 4211 487 4265 mo,
504 4188 700 4273 ubicumque
719 4187 758 4253 ἄν
770 4209 844 4253 cnm
863 4187 973 4252 tuturo
988 4195 1167 4252 monstrose
1184 4187 1374 4274 copulatur,
1390 4190 1474 4276 quod
1494 4199 1603 4258 tamen

411 4295 494 4385 apud
517 4295 740 4365 Danosruernru
767 4314 882 4380 saepe,
909 4275 1004 4377 sueno
1027 4290 1111 4379 apud
1135 4291 1213 4358 alios
1229 4292 1351 4359 iactum
1375 4314 1444 4360 esse
1467 4297 1600 4365 videbis.

409 4404 501 4471 Docti
525 4399 670 4466 nonnihil
694 4399 884 4464 addubitant
906 4396 961 4464 sed
981 4395 1163 4462 meditaret
1183 4397 1313 4476 leviter,
1336 4407 1367 4466 et
1385 4402 1412 4468 si
1430 4402 1532 4469 multa
1549 4423 1603 4469 cx·

411 4507 514 4594 empta
532 4517 696 4592 tamquam
714 4503 883 4570 machinae
903 4501 1124 4580 admoventur,
1137 4501 1271 4590 proper&
1291 4505 1390 4573 veluti
1405 4505 1601 4576 deditionem

410 4613 533 4682 iaciunt
560 4621 593 4678 et
616 4630 723 4676 arcem
753 4611 889 4674 sanioris
912 4609 1076 4676 doctrinae
1107 4617 1170 4683 τοῖς
1200 4609 1422 4692 βαρβαρίζονοι
1457 4615 1599 4681 tradunt.

409 4720 444 4784 ln
469 4719 645 4782 Taucrotnn
668 4716 706 4781 V.
732 4724 783 4782 15.
811 4715 945 4781 tolerant
968 4713 1093 4792 γνόντες
1115 4719 1310 4793 aduncinare
1334 4717 1371 4782 ἂν
1391 4719 1601 4800 ἐνδεξομένων

1737 3943 1739 4059 t
