3767 5717
981 608 1048 672 386

420 806 514 873 ἔδακε
538 825 597 896 pro
621 801 755 902 λαβεῖν,
780 799 868 890 quod
896 801 1087 868 sententiam
1113 799 1284 869 absurdam
1309 803 1406 884 iecit,
1434 817 1504 872 tum
1527 806 1600 898 iege

419 913 492 992 ἐξῆν
515 911 558 992 τῷ
580 905 759 988 βουλομένῳ
773 904 955 988 γράφεσθαι
977 908 1142 997 expunctis
1157 910 1202 992 τῷ
1220 909 1391 997 [δυναμένῳ
1404 911 1474 1000 καὶ]
1486 914 1600 992 βουλο-

420 1017 522 1098 μένιρ.
553 1024 586 1078 ct
616 1012 649 1077 in
675 1031 747 1102 usp.
769 1014 812 1075 20
835 1009 905 1100 lege
927 1012 986 1076 ὑπὸ
1009 1017 1070 1078 τῶν
1093 1014 1305 1095 άγχιςέαν
1328 1021 1382 1081 τού
1401 1017 1510 1098 ὀἰνδρύς
1539 1041 1601 1108 pro

421 1122 479 1187 ὑπὸ
498 1124 558 1186 τύυ
582 1117 744 1197 έγγιεα.
779 1117 916 1188 Fallitur
930 1117 1156 1186 Pnousncuus
1168 1142 1241 1211 cup.
1259 1125 1312 1187 24.
1328 1121 1428 1187 σύκου
1446 1123 1599 1202 ε’ξαγιογη

414 1227 454 1292 τὸ
479 1223 616 1296 παλαιὸν
636 1222 784 1304 άπεέρητο
805 1223 858 1288 καί
884 1225 919 1288 τθ
943 1223 1067 1306 φαίνειν
1090 1226 1315 1305 ἐνδεικνύμενον
1332 1226 1404 1298 τοὺς
1423 1224 1599 1305 ἐξάγοντας

418 1331 532 1407 ε’κλύθη
569 1331 796 1409 συκοφαντεῖν,
832 1350 974 1419 numque
1007 1329 1191 1395 ἐνδεικνύναι
1224 1328 1393 1410 dicebant,
1419 1341 1487 1396 noh
1507 1330 1601 1396 ἐνδεθ-

415 1437 559 1502 ιινυσθαι.
593 1433 632 1499 ln
644 1454 721 1522 Ιουρ.
739 1437 784 1499 25
806 1434 957 1501 vitiosum
977 1445 1025 1500 est
1040 1434 1294 1519 κατεγράφησαν
1308 1437 1335 1501 οἰ
1350 1435 1435 1515 νθμοι
1450 1438 1494 1510 εἰς
1509 1435 1599 1514 ξυλί-

416 1565 485 1614 υους
509 1538 624 1620 eiiam
652 1561 711 1630 pro
737 1539 988 1623 defossionem,
1015 1539 1104 1630 quod
1121 1540 1256 1626 veihum
1274 1563 1394 1632 repone
1410 1541 1446 1606 iu
1464 1541 1600 1610 Pente

412 1665 489 1737 ευρ.
512 1649 565 1712 13.
579 1645 761 1726 δημιουργὸς
776 1647 808 1709 ἐν
823 1655 862 1726 τῇ
876 1645 957 1729 ’τέλη
969 1632 1218 1731 ἀναγέγραπται
1232 1668 1291 1737 ριο
1304 1643 1384 1712 εἶναι
1399 1644 1598 1727 γέγραπται.

417 1750 465 1816 In.
483 1751 702 1818 Themistocle
731 1771 801 1839 cup.
826 1751 881 1817 10.
901 1752 1062 1832 κρατήσας
1084 1758 1124 1833 τῇ
1144 1749 1253 1832 γνώμη
1274 1750 1355 1816 dixit
1381 1769 1441 1840 ρτο
1468 1751 1598 1825 νικήσας

410 1857 473 1944 uhu
499 1858 626 1936 γνύμηυ
653 1868 690 1922 et
712 1872 781 1945 cup.
805 1859 856 1921 16.
874 1857 1000 1936 γνώμην
1015 1858 1148 1922 έποιεῖτο
1177 1879 1236 1946 pro
1257 1858 1436 1935 εἰσηγεῖτο,
1456 1867 1494 1921 ut
1513 1866 1600 1922 recte

418 1958 537 2050 legitur
557 1961 589 2025 in
608 1961 744 2028 Pericle
765 1981 834 2051 cap.
855 1965 906 2027 13.
927 1959 1150 2039 εἰσηγουμένου
1170 1963 1298 2039 γνώμην
1318 1962 1523 2043 Περικλέουςη
1542 1960 1599 2028 ubi

416 2066 515 2156 p'uulo
537 2078 611 2132 unte
638 2065 842 2132 scribendum
862 2065 1055 2144 Μεταγένης
1082 2065 1096 2128 θ
1118 2067 1298 2134 Ξυπεταιών
1319 2089 1379 2156 pro
1401 2066 1415 2130 ὅ
1437 2065 1597 2138 Ξυπέτιος·

416 2170 501 2236 ibid.¹
528 2193 602 2261 uup.
635 2173 690 2236 28.
717 2172 874 2251 χρήματα
901 2171 931 2233 ἐν
956 2168 1055 2248 χρόνῳ
1077 2171 1155 2250 ῥητῷ
1177 2168 1351 2249 ταξάμενοι
1376 2169 1594 2236 κατοίσειν.

417 2275 502 2342 mele
528 2275 678 2341 scribitur
700 2296 760 2364 pro
783 2271 958 2340 άποτθσειν.
1007 2269 1122 2363 Neque
1149 2272 1308 2351 Pericles,
1331 2287 1368 2340 ut
1389 2273 1597 2364 iegitutoup,

345 2418 351 2422 ·
417 2385 473 2448 34.
491 2380 684 2462 κληρουχίας
704 2379 885 2460 άνέγραφεν
907 2376 961 2443 sed
982 2376 1134 2460 ἔγραφεν.
1172 2377 1245 2469 Ipse
1264 2380 1488 2450 Ptunucuus
1508 2400 1597 2444 erru-

417 2487 463 2553 vit
488 2487 523 2550 iu
551 2505 621 2576 cup.
647 2487 701 2550 37.
728 2485 948 2564 συνεχάρησαν
982 2483 1233 2565 άπογράψασθαι
1264 2487 1317 2551 τὸν
1347 2486 1429 2553 νθθου
1457 2487 1501 2560 εἰς
1524 2487 1596 2559 τοὺς

415 2592 597 2676 φράτορας,
633 2612 736 2682 quum
769 2587 980 2655 Athenienses
1008 2601 1191 2656 constanter
1220 2589 1365 2658 dicerent
1385 2589 1528 2670 εἰσάγειν
1553 2593 1596 2666 εἰς
1684 2615 1687 2620 ·

402 2699 487 2776 ,τοὺς
525 2695 703 2780 φράτερας,
740 2707 772 2762 et
803 2717 862 2785 pro
888 2694 1141 2776 οἰπογράφασθαι
1172 2697 1286 2788 utique
1319 2697 1486 2780 ἐγγράψαι
1513 2709 1597 2764 esset

416 2800 600 2873 dicendum.
647 2799 721 2869 Non
748 2811 796 2866 est
824 2797 1032 2869 Puuthucflo
1069 2799 1296 2890 imputandum
1325 2801 1455 2870 dicendi
1484 2801 1599 2870 vitium

416 2908 450 2974 in
479 2907 657 2974 Alcibiade
677 2929 746 2996 cup.
765 2911 795 2974 3.
814 2903 957 2970 άσυστον
975 2906 1060 2985 αύτῷ
1084 2907 1137 2970 τὸν
1155 2907 1224 2985 βίον
1247 2907 1394 2983 ἔσεσθαι,
1418 2907 1477 2979 sed
1495 2908 1597 2976 corri-

414 3011 571 3103 gendum¹
589 3011 724 3090 οἰβίυτου
761 3009 863 3089 αύτῷ.
897 3031 972 3074 uum
1002 3031 1108 3099 neque
1137 3009 1294 3080 Graecum
1323 3025 1371 3082 est
1393 3011 1535 3087 άσυστος
1564 3026 1598 3080 et

415 3116 555 3192 άσυτος,
589 3114 677 3207 quod
708 3114 864 3188 Graecum
895 3124 961 3192 cst,
993 3113 1075 3180 nihil
1097 3115 1184 3181 uliud
1203 3117 1362 3206 siguificat
1382 3141 1479 3209 quum
1500 3139 1596 3198 eum,

417 3221 474 3311 qui
496 3221 650 3310 perditis
669 3220 814 3284 moribus
838 3217 933 3296 sivit,
956 3221 1162 3300 dissolutus,
1185 3246 1309 3312 nepos,
1332 3236 1366 3290 st
1385 3225 1467 3291 mule
1485 3247 1555 3314 ουρ.
1574 3233 1595 3293 5

406 3325 497 3394 ,dixit
524 3325 663 3394 ὠνεῖσθαι
696 3323 740 3388 τά
778 3322 855 3398 τέλη
889 3322 929 3388 de
958 3323 1139 3413 publicanis
1163 3328 1330 3418 vectigalis
1351 3331 1596 3405 ,redemtione

415 3455 477 3525 pro
499 3431 699 3512 μισθοῦσθαι,
722 3440 754 3494 et
774 3449 834 3519 cup
854 3431 885 3496 8.
913 3431 949 3496 τὸ
969 3436 1027 3503 τῆς
1051 3430 1250 3512 άπολεέψευε
1275 3432 1415 3514 γράμμα
1436 3435 1525 3516 παρά
1551 3438 1594 3520 τῷ

418 3537 548 3622 άρχυντι
586 3536 690 3602 θέσθαι
721 3557 780 3627 pro
810 3534 866 3608 την
906 3536 1069 3607 κακώσεως
1099 3538 1228 3619 γραφὲν
1262 3539 1335 3618 πρὸς
1368 3539 1421 3606 τὸν
1451 3537 1596 3622 άρχοντα

392 3647 622 3722 ιάπενεγκεῖν,
656 3653 689 3706 et
718 3665 789 3738 cup.
816 3644 868 3707 22.
898 3641 1010 3720 μήπως
1042 3642 1097 3715 τὴν
1126 3642 1281 3720 μέλαιναν
1302 3644 1373 3712 οἰντί
1398 3653 1455 3720 τῆς
1478 3653 1594 3722 λευκῆς

414 3746 568 3831 ε’πενέγκη
593 3753 722 3830 ψῆφον,
746 3769 819 3814 uum
845 3745 958 3828 ἐνέγκη
984 3750 1092 3828 ψῆφον
1113 3745 1268 3816 debueret
1287 3749 1412 3829 dicere,
1434 3751 1594 3833 ἐπιφέρειν

406 3860 523 3936 ,ψῆφον
545 3865 612 3922 tum
630 3852 779 3923 vitiosum
800 3863 847 3918 est
865 3863 962 3940 etque
981 3853 1265 3935 ἐπιψηφισαμένων
1282 3855 1315 3922 in
1331 3879 1401 3947 ουρ
1418 3859 1469 3924 18.
1498 3857 1595 3925 Ριυυ-

416 3973 503 4028 teres
531 3984 591 4050 pso
609 3962 637 4036 ,ἡ
668 3961 806 4041 μέλαινα
838 3957 1047 4027 Athenienses
1075 3958 1228 4026 dicebunt
1253 3963 1271 4037 ἡ
1297 3966 1416 4044 πληρηζ
1440 3964 1472 4049 (η
1497 3962 1593 4042 αἰτού-

415 4065 528 4150 πητοο)
551 4065 602 4130 καί
626 4069 642 4141 ἡ
662 4065 890 4147 τετρυπημένη.
912 4063 975 4132 tid.
999 4064 1196 4134 Ausculum
1210 4070 1250 4144 in
1271 4067 1486 4137 Timarchum
1499 4070 1524 4152 '§
1541 4070 1595 4137 79.

415 4169 455 4236 Iu
485 4192 554 4260 unp.
585 4173 639 4237 27.
667 4168 862 4250 φοβούμενος
892 4167 998 4234 αἰτίαν
1025 4171 1142 4248 λαβεῖν
1171 4172 1207 4235 ἕκ
1234 4172 1411 4250 βασιλέως,
1439 4171 1595 4238 debuerat

416 4276 475 4341 ὑπὸ
513 4274 671 4354 βασιλέως
702 4272 823 4351 dicere,
856 4283 894 4336 ut
923 4295 1017 4363 supra
1048 4273 1245 4344 ostendimus
1274 4289 1307 4346 et
1335 4277 1423 4344 r'ecte
1451 4277 1530 4346 dixit
1559 4277 1594 4345 in

416 4382 584 4448 Phocione
612 4400 683 4469 cup.
715 4381 767 4448 14.
796 4377 970 4458 τραύματα
1003 4381 1111 4458 λαβὼν
1138 4380 1212 4448 ὑπὸ
1237 4389 1296 4450 τῶν
1325 4383 1594 4466 προσβοηθούντων

414 4486 629 4555 άπέπλευσευ.
675 4485 715 4552 lu
742 4508 813 4575 cup.
843 4487 897 4550 30.
924 4485 1052 4550 ἐναυτία
1086 4483 1172 4560 ὅπλα
1205 4490 1250 4568 μη
1285 4484 1445 4566 τίθεσθαι,
1469 4490 1592 4580 supple

417 4591 461 4656 τά
495 4588 596 4658 ὅπλα.
623 4592 683 4660 ‚in
713 4591 871 4679 Aristide
901 4611 972 4681 cap.
1003 4593 1071 4657 22..
1087 4593 1158 4665 τούς
1188 4593 1348 4676 ἄρχοντας
1376 4599 1529 4679 αἱρεῖσθαι
1556 4597 1593 4676 ἐξ

418 4694 600 4780 Ἀθηναθοιυ·
615 4698 757 4787 πάντων,
786 4698 820 4765 in
847 4697 1013 4789 fsequenti
1040 4698 1205 4766 locutione
1229 4704 1355 4791 semper
1385 4701 1593 4772 Athenienses
