3767 5717
995 617 1038 677 90

429 785 529 863 εὐθὺς
561 786 684 876 [ὀπίσω]
710 785 844 871 χὀιρεῐν,
876 781 1006 854 difficile
1028 795 1078 854 est
1106 779 1176 854 ¹aitte
1206 787 1275 854 risu
1307 786 1415 855 videte
1445 787 1541 856 ὄτισοι
1573 786 1631 856 ad·
1741 861 1742 882 ρ

439 881 574 962 iectum.
619 894 733 960 Finem
763 892 878 960 laeiam
910 893 948 958 in¹
973 891 1171 979 pereleganti
1198 892 1360 960 locutione
1380 891 1483 959 Attica
1514 895 1549 959 in
1583 895 1631 960 vi·
1741 899 1742 942 ἒ

439 1008 507 1065 tam
536 999 736 1077 revocanda,
761 1017 843 1084 quae
868 998 985 1064 misere
1010 998 1106 1084 periit
1131 998 1163 1062 in
1191 1003 1254 1077 58,
1281 1004 1309 1065 1.
1333 998 1386 1065 οἴει
1416 999 1473 1077 μὲν
1506 999 1569 1082 γὰρ
1596 1000 1630 1065 ἐν

439 1105 568 1188 σοιιδείρο
596 1106 648 1171 κιο)
676 1106 771 1178 αὐτὸς
805 1100 883 1169 rinei
908 1127 956 1177 τις
980 1103 1076 1180 δόξειν
1098 1105 1215 1188 σπονδῇ
1240 1105 1460 1183 συνωνούμενος
1482 1104 1527 1170 τοὶ
1548 1105 1630 1171 κοιλ·

439 1222 517 1280 λιεοι
537 1213 597 1275 τῶν
618 1210 765 1289 βιβλίων.
789 1210 825 1275 τὸ
854 1208 887 1273 δέ
910 1232 955 1274 σοι
975 1211 1058 1291 περὶ
1084 1209 1134 1275 σοὶ
1158 1208 1258 1276 edre
1281 1217 1411 1292 χωρεῖ.
1457 1209 1557 1277 Nemo
1580 1211 1630 1277 in-

439 1313 556 1400 telligit
585 1313 744 1401 quomodo
769 1322 801 1380 et
825 1333 888 1400 quo
907 1333 1004 1379 sensu
1030 1315 1091 1379 ista
1114 1313 1274 1380 dicantur.
1322 1313 1523 1380 Athenienses
1549 1315 1627 1384 olim

438 1439 498 1506 pro
516 1420 707 1501 τεροτρέτειν
730 1418 816 1486 noire
840 1418 989 1485 dicebant
1008 1419 1075 1502 περὶ
1100 1419 1186 1486 tenire
1205 1419 1338 1502 τρέτειν.
1374 1418 1520 1486 Staatuts
1543 1420 1629 1508 apud

438 1524 554 1591 Arana.
568 1525 622 1590 XI.
647 1544 678 1611 p.
692 1529 758 1590 467
782 1545 810 1590 e.
896 1517 899 1528 '

575 1627 649 1696 οἷσθ’
672 1626 694 1713 ᾧ
717 1630 903 1713 προσέοικεν,
926 1627 948 1696 ὦ
971 1630 1088 1712 Κρέον,
1110 1631 1145 1696 τὸ
1167 1629 1299 1712 βρέγμοο
1320 1653 1396 1706 σονς

577 1730 681 1819 ε’γῷδοι
702 1737 786 1819 δείνῳ
808 1737 876 1814 περὶ
900 1734 986 1802 eolre
1008 1735 1223 1817 creperegico.
1446 1803 1448 1808 ,

440 1841 474 1905 iu
507 1842 602 1916 δεῖνος
634 1858 697 1907 noa
730 1840 816 1908 solus
839 1841 1068 1908 Hearoenerrou
1097 1849 1225 1928 peceat,
1256 1846 1293 1906 ut
1324 1839 1429 1919 vides,
1460 1861 1518 1927 pro
1540 1843 1630 1918 δῖνοι.

442 1943 496 2011 Sic
526 1952 596 2011 tum
632 1954 822 2012 consuetum
856 1955 926 2012 erat
961 1946 1110 2012 omnibus
1139 1944 1267 2024 dicere,
1296 1952 1378 2012 teste
1402 1946 1516 2012 Pnorro
1540 1948 1574 2013 in
1597 1969 1628 2016 v.

440 2051 523 2132 περὶ
553 2049 657 2117 uduo
681 2049 954 2133 τροιτῆσετοοιε
978 2053 1048 2118 cieri
1072 2058 1127 2119 τοῦ
1147 2051 1525 2135 τεριτρσιτήοετοιιιοοίτιο,
1548 2081 1630 2122 σον·

438 2156 533 2231 ἦθος
548 2153 551 2158 ’
569 2158 715 2236 λέγουσι,
748 2164 781 2221 at
804 2155 902 2221 huius
924 2158 970 2222 rei
1006 2156 1038 2222 in
1067 2156 1231 2223 codicibus
1254 2157 1372 2222 nostris
1394 2177 1452 2222 nec
1476 2159 1545 2225 vola
1568 2181 1626 2227 uec

440 2261 614 2346 vestigium
641 2268 711 2339 est,
747 2270 814 2326 tam
847 2260 958 2326 sedulo
990 2260 1068 2327 haec
1094 2261 1316 2348 interpolando
1347 2260 1540 2330 deleverunt.
1586 2265 1624 2330 ln

440 2385 505 2430 uno
525 2366 602 2432 locov
620 2364 814 2454 deprehendi
837 2364 1006 2445 fraudem,
1030 2365 1114 2454 apud
1139 2369 1369 2434 darsrormuru
1395 2369 1429 2434 in
1452 2365 1642 2434 Eeclesioz.'
1741 2357 1742 2366 ¹

439 2489 486 2535 vs.
518 2475 582 2537 730
603 2478 745 2538 et=7331
1154 2490 1156 2494 ’
1196 2547 1200 2556 ,

618 2579 710 2659 χώρει
732 2578 771 2643 σὺ
791 2578 874 2658 δεῦρο
902 2577 1058 2660 κινοιχύροι
1081 2579 1163 2654 eati
1187 2583 1290 2651 κοιιιῶς

619 2683 754 2757 πολλοὺς
778 2681 880 2748 edre
904 2683 947 2758 tt
971 2684 1119 2758 dvaeeode
1143 2683 1304 2765 ςρέψοισ’
1322 2683 1426 2762 ἐμούς.

438 2788 585 2871 quemvis
608 2789 828 2854 Aarsrorneurs
851 2788 993 2864 amicum
1017 2785 1175 2854 arbitrum
1195 2788 1289 2874 adige
1311 2789 1541 2874 scripseritne:

625 2896 760 2966 πολλοὺς
784 2895 874 2974 trapi
898 2891 1004 2959 κοὶτοι
1033 2893 1182 2966 θολοιιιοὺο
1206 2894 1364 2975 ‘reddar’
1388 2893 1490 2974 ἐμούς.

436 2996 485 3060 sie
512 2996 613 3080 igitur
644 2997 769 3084 dedisse
791 2996 946 3061 Loerrouu
968 2997 1113 3082 suspicor
1140 2999 1208 3080 περὶ
1233 2998 1318 3065 κάτω
1339 3007 1451 3082 χωρεῖ,
1476 2997 1630 3086 quemad·

438 3098 569 3165 modum
600 3101 765 3183 τεριιὲνιιι,
799 3103 992 3182 τεριίςοισθοιι
1027 3102 1077 3166 ε’νιὶ
1109 3104 1152 3169 τοι
1183 3104 1299 3186 χείρω,
1329 3107 1372 3178 εἰς
1395 3106 1571 3171 τοῦνοοντίον
1593 3114 1628 3173 et

439 3204 560 3269 similia
575 3200 749 3274 dicuntur.

484 3307 634 3375 indicabo
657 3331 745 3376 nune
767 3310 883 3376 menda
907 3311 1062 3398 quaedam
1087 3321 1119 3380 et
1139 3333 1264 3380 errores
1287 3335 1324 3380 ex
1349 3335 1386 3380 eo
1407 3335 1544 3400 genere,
1564 3337 1628 3403 quo

440 3413 578 3480 violatur
609 3415 780 3492 sinceritas
818 3417 952 3482 Grceeoe
981 3428 1152 3506 syntaxeos
1184 3419 1375 3507 videturque
1403 3421 1626 3508 imperitorum

441 3519 693 3587 homuncionum
718 3521 912 3606 negligentia
932 3522 1081 3588 Lucienus
1101 3525 1132 3589 io
1157 3542 1210 3590 eas
1231 3525 1315 3611 leges
1336 3546 1491 3612 peceare,
1513 3528 1632 3614 quihus
1741 3505 1742 3560 ³

442 3645 554 3692 omues
592 3635 759 3693 tenentur>
778 3647 922 3714 quasque
957 3648 1051 3694 nemo
1087 3637 1255 3708 nostrum,
1299 3632 1415 3717 quibus
1448 3633 1630 3698 Graecitatis

441 3733 577 3800 seientia
601 3752 664 3798 non
687 3733 855 3816 σύντροφος
885 3733 940 3800 sed
958 3736 1121 3810 ἐπίκτητος
1150 3744 1217 3813 est,
1237 3736 1330 3802 lerile
1350 3736 1446 3803 oredo
1467 3747 1531 3803 tam
1557 3759 1629 3824 gra·
1741 3795 1742 3822 ρ

441 3838 697 3904 νίῑιιείἰοίοεεεῑ
729 3849 825 3924 atque
851 3837 942 3905 illurn
974 3861 1060 3906 nunc
1091 3840 1226 3907 subinde
1257 3843 1414 3909 videmus.
1468 3843 1551 3910 Sunt
1574 3845 1631 3930 qui
1741 3825 1742 3866 d

441 3941 576 4009 credant
594 3951 707 4009 acutos
725 3953 756 4010 et
777 3939 959 4029 ingeniosos
983 3946 1156 4031 scriptores
1174 3955 1337 4033 tamqnam
1361 3948 1486 4034 legibus
1509 3949 1631 4017 solutos

442 4068 560 4115 novare
579 4042 677 4115 etiam
697 4048 730 4112 in
748 4049 799 4114 his
816 4048 962 4114 nonnihil
986 4058 1018 4116 et
1038 4043 1122 4137 q'uod
1139 4071 1232 4117 nemo
1244 4052 1362 4120 dixerit
1386 4075 1629 4142 nonnumquam
1741 4135 1742 4138 Ἴ

443 4153 595 4219 maluisse
619 4153 725 4220 dicere
739 4174 837 4241 quam
856 4154 993 4240 protrita
1014 4156 1158 4221 omnium
1176 4159 1311 4244 vestigia
1334 4159 1449 4246 legere.
1497 4161 1558 4241 Qut
1582 4183 1632 4229 sa·
1741 4193 1742 4234 ι

443 4259 603 4346 pielraot‚-
624 4258 740 4339 credo,
777 4261 810 4324 id
841 4258 1018 4345 probabant
1050 4259 1134 4346 quod
1168 4262 1291 4330 Loueuu
1320 4266 1426 4332 verbis
1453 4265 1559 4333 dicam
1592 4289 1632 4334 ex

412 4378 413 4381 ’
442 4364 519 4430 Arte
553 4364 677 4438 illector.
714 4387 745 4452 p.
770 4369 856 4441 561,
890 4365 923 4428 in
949 4363 1036 4430 Banu
1066 4365 1143 4434 edit.
1173 4389 1202 4455 p.
1230 4375 1309 4436 158:
1334 4371 1477 4455 τηρητέον
1501 4373 1550 4442 tet
1583 4397 1629 4439 σοι

443 4471 496 4535 uel
519 4471 709 4554 φυλακτέον·
723 4479 779 4544 τῆς
802 4477 906 4550 φωνῆς
929 4471 981 4536 τὸν
998 4472 1114 4538 τόσον·
1138 4478 1280 4542 σοιντὸν
1304 4477 1368 4559 γὰρ
1391 4481 1424 4544 οὐ
1445 4479 1544 4556 θήσεις
1568 4480 1631 4545 οὐδ’

444 4577 581 4650 εἰσοίσεις
605 4571 676 4642 ἴδιον
695 4575 785 4655 νόμον
809 4571 830 4658 ᾧ
855 4577 904 4641 δεῖ
925 4579 1170 4659 προσνέμειν.
1189 4583 1221 4646 οὐ
1243 4583 1306 4665 γὰρ
1326 4585 1380 4668 ἐφ’
1404 4589 1477 4663 ἡμῖν
1501 4585 1515 4650 ὃ
1540 4583 1631 4664 νόμος

439 4670 500 4745 οἷον
525 4682 627 4759 μόνον
656 4681 733 4748 ἄνοι’
757 4681 917 4761 testatori
941 4683 984 4766 τῷ
1015 4684 1116 4769 νόμῳ,
1142 4705 1180 4750 ne
1200 4687 1268 4772 ipse
1290 4690 1441 4756 Louornus
1457 4690 1518 4756 alia
1541 4709 1632 4776 prae·
