<?xml version="1.0" encoding="UTF-8"?>
<!DOCTYPE html PUBLIC "-//W3C//DTD XHTML 1.0 Transitional//EN"
    "http://www.w3.org/TR/xhtml1/DTD/xhtml1-transitional.dtd">
<html xmlns="http://www.w3.org/1999/xhtml" xml:lang="en" lang="en">
 <head>
  <title>
</title>
<meta http-equiv="Content-Type" content="text/html;charset=utf-8" />
  <meta name='ocr-system' content='tesseract 3.04.00' />
  <meta name='ocr-capabilities' content='ocr_page ocr_carea ocr_par ocr_line ocrx_word'/>
</head>
<body>
  <div class='ocr_page' id='page_1' title='image "./variaelectiones02cobegoog_0311.png"; bbox 0 0 3767 5717; ppageno 0'>
   <div class='ocr_carea' id='block_1_1' title="bbox 851 561 918 623">
    <p class='ocr_par' dir='ltr' id='par_1_1' title="bbox 851 561 918 623">
     <span class='ocr_line' id='line_1_1' title="bbox 851 561 918 623; baseline 0.015 -1"><span class='ocrx_word' id='word_1_1' title='bbox 851 561 918 623; x_wconf 99' lang='grc'><em>297</em></span> 
     </span>
    </p>
   </div>
   <div class='ocr_carea' id='block_1_2' title="bbox 218 753 1497 4637">
    <p class='ocr_par' dir='ltr' id='par_1_2' title="bbox 218 753 1497 3154">
     <span class='ocr_line' id='line_1_2' title="bbox 288 753 1460 845; baseline 0.001 -19"><span class='ocrx_word' id='word_1_2' title='bbox 288 778 356 826; x_wconf 87' lang='lat' dir='ltr'><em>non</em></span> <span class='ocrx_word' id='word_1_3' title='bbox 383 756 476 822; x_wconf 68' lang='lat' dir='ltr'><strong>aliter</strong></span> <span class='ocrx_word' id='word_1_4' title='bbox 502 754 615 821; x_wconf 85' lang='lat' dir='ltr'><strong>rolant.</strong></span> <span class='ocrx_word' id='word_1_5' title='bbox 646 753 730 822; x_wconf 79' lang='lat' dir='ltr'><strong>lbid.</strong></span> <span class='ocrx_word' id='word_1_6' title='bbox 749 756 838 843; x_wconf 88' lang='grc'><strong>826.</strong></span> <span class='ocrx_word' id='word_1_7' title='bbox 862 754 971 820; x_wconf 66' lang='lat' dir='ltr'><strong>sorori</strong></span> <span class='ocrx_word' id='word_1_8' title='bbox 995 755 1053 836; x_wconf 78' lang='grc' dir='ltr'><em>μὲν</em></span> <span class='ocrx_word' id='word_1_9' title='bbox 1081 755 1219 845; x_wconf 69' lang='grc' dir='ltr'><em>[ἁπλῶς]</em></span> <span class='ocrx_word' id='word_1_10' title='bbox 1247 758 1397 834; x_wconf 66' lang='lat' dir='ltr'><strong>derium,</strong></span> <span class='ocrx_word' id='word_1_11' title='bbox 1425 773 1460 828; x_wconf 90' lang='lat' dir='ltr'><em>ut</em></span> 
     </span>
     <span class='ocr_line' id='line_1_3' title="bbox 218 860 1461 954; baseline 0.001 -23"><span class='ocrx_word' id='word_1_12' title='bbox 218 875 224 888; x_wconf 83' lang='grc'><strong><em>’</em></strong></span> <span class='ocrx_word' id='word_1_13' title='bbox 290 887 383 954; x_wconf 81' lang='lat' dir='ltr'><strong>saepe</strong></span> <span class='ocrx_word' id='word_1_14' title='bbox 399 861 484 954; x_wconf 87' lang='lat' dir='ltr'><strong>apud</strong></span> <span class='ocrx_word' id='word_1_15' title='bbox 505 861 756 928; x_wconf 79' lang='lat' dir='ltr'><strong>Dauosrnnaarr</strong></span> <span class='ocrx_word' id='word_1_16' title='bbox 773 873 806 927; x_wconf 89' lang='lat' dir='ltr'><strong>et</strong></span> <span class='ocrx_word' id='word_1_17' title='bbox 825 861 1008 928; x_wconf 78' lang='lat' dir='ltr'><strong>Pnaronaar</strong></span> <span class='ocrx_word' id='word_1_18' title='bbox 1028 861 1145 952; x_wconf 80' lang='lat' dir='ltr'><strong>legitur</strong></span> <span class='ocrx_word' id='word_1_19' title='bbox 1162 864 1201 934; x_wconf 77' lang='grc' dir='ltr'><em>ὡς</em></span> <span class='ocrx_word' id='word_1_20' title='bbox 1222 860 1298 928; x_wconf 63' lang='lat' dir='ltr'><strong>offro</strong></span> <span class='ocrx_word' id='word_1_21' title='bbox 1319 868 1353 944; x_wconf 71' lang='grc' dir='ltr'><em>ρ’</em></span> <span class='ocrx_word' id='word_1_22' title='bbox 1367 867 1461 932; x_wconf 64' lang='grc' dir='ltr'><em>οίκοῡΦ</em></span> 
     </span>
     <span class='ocr_line' id='line_1_4' title="bbox 289 970 1460 1051; baseline 0 -15"><span class='ocrx_word' id='word_1_23' title='bbox 289 996 359 1046; x_wconf 83' lang='grc' dir='ltr'><em>σοι,</em></span> <span class='ocrx_word' id='word_1_24' title='bbox 392 970 430 1044; x_wconf 82' lang='grc' dir='ltr'><em>ύς</em></span> <span class='ocrx_word' id='word_1_25' title='bbox 458 996 500 1050; x_wconf 77' lang='grc' dir='ltr'><em>γε</em></span> <span class='ocrx_word' id='word_1_26' title='bbox 525 970 636 1035; x_wconf 80' lang='grc' dir='ltr'><em>οὑτωσί</em></span> <span class='ocrx_word' id='word_1_27' title='bbox 663 971 815 1045; x_wconf 83' lang='grc' dir='ltr'><em>οέκοῦοοιι,</em></span> <span class='ocrx_word' id='word_1_28' title='bbox 844 970 954 1036; x_wconf 80' lang='grc' dir='ltr'><em>οὑτωσί</em></span> <span class='ocrx_word' id='word_1_29' title='bbox 985 972 1042 1050; x_wconf 87' lang='grc' dir='ltr'><em>μέν</em></span> <span class='ocrx_word' id='word_1_30' title='bbox 1071 972 1219 1049; x_wconf 81' lang='grc' dir='ltr'><em>οέκούυοιι,</em></span> <span class='ocrx_word' id='word_1_31' title='bbox 1241 972 1374 1036; x_wconf 82' lang='grc' dir='ltr'><em>οέκούοκι</em></span> <span class='ocrx_word' id='word_1_32' title='bbox 1401 972 1460 1051; x_wconf 80' lang='grc' dir='ltr'><em>μὲν</em></span> 
     </span>
     <span class='ocr_line' id='line_1_5' title="bbox 286 1073 1461 1166; baseline 0.003 -26"><span class='ocrx_word' id='word_1_33' title='bbox 286 1075 350 1156; x_wconf 74' lang='grc' dir='ltr'><em>γὰρ</em></span> <span class='ocrx_word' id='word_1_34' title='bbox 383 1075 492 1141; x_wconf 77' lang='grc' dir='ltr'><em>οὑτωσὶ</em></span> <span class='ocrx_word' id='word_1_35' title='bbox 518 1074 698 1153; x_wconf 70' lang='grc' dir='ltr'><em>ποιχκοίλος</em></span> <span class='ocrx_word' id='word_1_36' title='bbox 723 1073 792 1155; x_wconf 83' lang='grc' dir='ltr'><em>ἔχει</em></span> <span class='ocrx_word' id='word_1_37' title='bbox 818 1074 985 1141; x_wconf 77' lang='lat' dir='ltr'><strong>Dnnosrn.</strong></span> <span class='ocrx_word' id='word_1_38' title='bbox 1009 1099 1042 1166; x_wconf 88' lang='lat' dir='ltr'><em>p.</em></span> <span class='ocrx_word' id='word_1_39' title='bbox 1064 1081 1145 1155; x_wconf 90' lang='grc'><strong>355,</strong></span> <span class='ocrx_word' id='word_1_40' title='bbox 1166 1078 1218 1144; x_wconf 82' lang='grc'><strong>26.</strong></span> <span class='ocrx_word' id='word_1_41' title='bbox 1260 1075 1298 1140; x_wconf 88' lang='lat' dir='ltr'><em>ln</em></span> <span class='ocrx_word' id='word_1_42' title='bbox 1331 1075 1461 1144; x_wconf 73' lang='lat' dir='ltr'><strong>Porro-</strong></span> 
     </span>
     <span class='ocr_line' id='line_1_6' title="bbox 286 1161 1458 1270; baseline 0.002 -24"><span class='ocrx_word' id='word_1_43' title='bbox 286 1199 339 1246; x_wconf 80' lang='lat' dir='ltr'><em>nts</em></span> <span class='ocrx_word' id='word_1_44' title='bbox 358 1181 495 1246; x_wconf 76' lang='lat' dir='ltr'><em>Philebo</em></span> <span class='ocrx_word' id='word_1_45' title='bbox 515 1178 601 1244; x_wconf 90' lang='lat' dir='ltr'><strong>idem</strong></span> <span class='ocrx_word' id='word_1_46' title='bbox 619 1161 731 1244; x_wconf 76' lang='lat' dir='ltr'><strong>vitium</strong></span> <span class='ocrx_word' id='word_1_47' title='bbox 753 1191 800 1245; x_wconf 89' lang='lat' dir='ltr'><em>cst</em></span> <span class='ocrx_word' id='word_1_48' title='bbox 819 1203 850 1270; x_wconf 88' lang='lat' dir='ltr'><em>p.</em></span> <span class='ocrx_word' id='word_1_49' title='bbox 873 1184 914 1244; x_wconf 89' lang='grc'><em>12</em></span> <span class='ocrx_word' id='word_1_50' title='bbox 937 1200 965 1247; x_wconf 91' lang='lat' dir='ltr'><em>c.</em></span> <span class='ocrx_word' id='word_1_51' title='bbox 991 1181 1037 1251; x_wconf 83' lang='grc' dir='ltr'><em>ἐςι</em></span> <span class='ocrx_word' id='word_1_52' title='bbox 1059 1181 1121 1263; x_wconf 68' lang='grc' dir='ltr'><em>γὰρ</em></span> <span class='ocrx_word' id='word_1_53' title='bbox 1145 1179 1267 1246; x_wconf 79' lang='grc' dir='ltr'><em>οέκούειν</em></span> <span class='ocrx_word' id='word_1_54' title='bbox 1286 1181 1343 1259; x_wconf 78' lang='grc' dir='ltr'><em>μὲν</em></span> <span class='ocrx_word' id='word_1_55' title='bbox 1363 1180 1458 1256; x_wconf 82' lang='grc' dir='ltr'><em>οὕτως</em></span> 
     </span>
     <span class='ocr_line' id='line_1_7' title="bbox 286 1283 1459 1376; baseline 0.004 -26"><span class='ocrx_word' id='word_1_56' title='bbox 286 1285 426 1376; x_wconf 84' lang='grc' dir='ltr'><em>[νίπλῶς]</em></span> <span class='ocrx_word' id='word_1_57' title='bbox 451 1283 482 1351; x_wconf 85' lang='grc' dir='ltr'><em>ἐν</em></span> <span class='ocrx_word' id='word_1_58' title='bbox 505 1311 554 1361; x_wconf 85' lang='grc' dir='ltr'><em>τι,</em></span> <span class='ocrx_word' id='word_1_59' title='bbox 588 1287 674 1352; x_wconf 85' lang='lat' dir='ltr'><strong>male</strong></span> <span class='ocrx_word' id='word_1_60' title='bbox 701 1287 786 1354; x_wconf 88' lang='lat' dir='ltr'><strong>enim</strong></span> <span class='ocrx_word' id='word_1_61' title='bbox 815 1287 953 1354; x_wconf 79' lang='lat' dir='ltr'>editores</span> <span class='ocrx_word' id='word_1_62' title='bbox 980 1289 1089 1360; x_wconf 80' lang='grc' dir='ltr'><em>οἱπλῶς</em></span> <span class='ocrx_word' id='word_1_63' title='bbox 1115 1285 1154 1352; x_wconf 86' lang='lat' dir='ltr'><em>ad</em></span> <span class='ocrx_word' id='word_1_64' title='bbox 1177 1283 1208 1351; x_wconf 84' lang='grc' dir='ltr'><em>ἐν</em></span> <span class='ocrx_word' id='word_1_65' title='bbox 1228 1310 1258 1351; x_wconf 87' lang='grc' dir='ltr'><em>τι</em></span> <span class='ocrx_word' id='word_1_66' title='bbox 1281 1286 1459 1357; x_wconf 84' lang='lat' dir='ltr'><strong>retrahunt.</strong></span> 
     </span>
     <span class='ocr_line' id='line_1_8' title="bbox 285 1389 1455 1483; baseline 0.002 -26"><span class='ocrx_word' id='word_1_67' title='bbox 285 1391 324 1457; x_wconf 91' lang='lat' dir='ltr'><em>ln</em></span> <span class='ocrx_word' id='word_1_68' title='bbox 344 1395 402 1471; x_wconf 85' lang='lat'><em>32,</em></span> <span class='ocrx_word' id='word_1_69' title='bbox 422 1397 452 1458; x_wconf 85' lang='grc'><strong>8.</strong></span> <span class='ocrx_word' id='word_1_70' title='bbox 477 1393 514 1458; x_wconf 89' lang='grc' dir='ltr'><em>δι’</em></span> <span class='ocrx_word' id='word_1_71' title='bbox 534 1389 585 1463; x_wconf 81' lang='grc' dir='ltr'><em>οὓς</em></span> <span class='ocrx_word' id='word_1_72' title='bbox 609 1401 753 1473; x_wconf 78' lang='grc' dir='ltr'><em>προεῖπον</em></span> <span class='ocrx_word' id='word_1_73' title='bbox 773 1393 936 1476; x_wconf 71' lang='grc' dir='ltr'><em>τυράννους</em></span> <span class='ocrx_word' id='word_1_74' title='bbox 965 1395 1034 1483; x_wconf 73' lang='grc' dir='ltr'><em>[τὴν</em></span> <span class='ocrx_word' id='word_1_75' title='bbox 1053 1393 1169 1460; x_wconf 77' lang='grc' dir='ltr'><em>ἐλπίδος</em></span> <span class='ocrx_word' id='word_1_76' title='bbox 1189 1392 1242 1458; x_wconf 76' lang='lat' dir='ltr'><strong>rat</strong></span> <span class='ocrx_word' id='word_1_77' title='bbox 1268 1393 1319 1458; x_wconf 85' lang='grc' dir='ltr'><em>τὸν</em></span> <span class='ocrx_word' id='word_1_78' title='bbox 1338 1392 1455 1483; x_wconf 74' lang='grc' dir='ltr'><em>φόβον]</em></span> 
     </span>
     <span class='ocr_line' id='line_1_9' title="bbox 284 1497 1458 1590; baseline 0.005 -27"><span class='ocrx_word' id='word_1_79' title='bbox 284 1520 367 1588; x_wconf 84' lang='lat' dir='ltr'><strong>quae</strong></span> <span class='ocrx_word' id='word_1_80' title='bbox 394 1497 505 1587; x_wconf 84' lang='lat' dir='ltr'><strong>paucis</strong></span> <span class='ocrx_word' id='word_1_81' title='bbox 525 1509 600 1563; x_wconf 89' lang='lat' dir='ltr'><strong>aute</strong></span> <span class='ocrx_word' id='word_1_82' title='bbox 627 1497 770 1564; x_wconf 80' lang='lat' dir='ltr'><strong>versibus</strong></span> <span class='ocrx_word' id='word_1_83' title='bbox 793 1502 844 1566; x_wconf 78' lang='lat' dir='ltr'><em>bic</em></span> <span class='ocrx_word' id='word_1_84' title='bbox 868 1500 932 1567; x_wconf 86' lang='lat' dir='ltr'><em>iam</em></span> <span class='ocrx_word' id='word_1_85' title='bbox 960 1500 1124 1566; x_wconf 88' lang='lat' dir='ltr'><strong>nominata</strong></span> <span class='ocrx_word' id='word_1_86' title='bbox 1149 1511 1223 1566; x_wconf 88' lang='lat' dir='ltr'><strong>sunt</strong></span> <span class='ocrx_word' id='word_1_87' title='bbox 1242 1521 1306 1566; x_wconf 91' lang='lat' dir='ltr'><em>non</em></span> <span class='ocrx_word' id='word_1_88' title='bbox 1324 1515 1458 1590; x_wconf 83' lang='lat' dir='ltr'><strong>possunt</strong></span> 
     </span>
     <span class='ocr_line' id='line_1_10' title="bbox 283 1587 1458 1695; baseline 0.003 -25"><span class='ocrx_word' id='word_1_89' title='bbox 283 1609 420 1670; x_wconf 78' lang='lat' dir='ltr'><strong>tertium</strong></span> <span class='ocrx_word' id='word_1_90' title='bbox 440 1587 577 1695; x_wconf 82' lang='lat' dir='ltr'><strong>insipide</strong></span> <span class='ocrx_word' id='word_1_91' title='bbox 601 1606 853 1672; x_wconf 83' lang='lat' dir='ltr'><strong>commemorari.</strong></span> <span class='ocrx_word' id='word_1_92' title='bbox 887 1606 1165 1687; x_wconf 80' lang='grc' dir='ltr'><strong>1516.47.εύρὼν</strong></span> <span class='ocrx_word' id='word_1_93' title='bbox 1190 1604 1252 1685; x_wconf 66' lang='grc' dir='ltr'><em>γὰρ</em></span> <span class='ocrx_word' id='word_1_94' title='bbox 1281 1605 1341 1678; x_wconf 66' lang='grc' dir='ltr'><em>τούς</em></span> <span class='ocrx_word' id='word_1_95' title='bbox 1367 1610 1458 1674; x_wconf 90' lang='grc' dir='ltr'><em>Ἐπι-</em></span> 
     </span>
     <span class='ocr_line' id='line_1_11' title="bbox 283 1706 1457 1800; baseline 0.001 -24"><span class='ocrx_word' id='word_1_96' title='bbox 283 1710 389 1792; x_wconf 92' lang='grc' dir='ltr'><em>κούρον</em></span> <span class='ocrx_word' id='word_1_97' title='bbox 412 1709 517 1792; x_wconf 77' lang='grc' dir='ltr'><em>κυρίοις</em></span> <span class='ocrx_word' id='word_1_98' title='bbox 545 1709 637 1786; x_wconf 81' lang='grc' dir='ltr'><em>δίξοις</em></span> <span class='ocrx_word' id='word_1_99' title='bbox 659 1711 695 1774; x_wconf 76' lang='grc' dir='ltr'><em>τὸ</em></span> <span class='ocrx_word' id='word_1_100' title='bbox 720 1709 871 1788; x_wconf 84' lang='grc' dir='ltr'><em>κοίλλιςον</em></span> <span class='ocrx_word' id='word_1_101' title='bbox 897 1713 936 1784; x_wconf 70' lang='lat' dir='ltr'><em>cir</em></span> <span class='ocrx_word' id='word_1_102' title='bbox 963 1706 1050 1800; x_wconf 64' lang='lat' dir='ltr'><strong>ciria</strong></span> <span class='ocrx_word' id='word_1_103' title='bbox 1075 1711 1134 1774; x_wconf 77' lang='grc' dir='ltr'><em>τῶν</em></span> <span class='ocrx_word' id='word_1_104' title='bbox 1160 1708 1296 1787; x_wconf 81' lang='grc' dir='ltr'><em>βιβλίον</em></span> <span class='ocrx_word' id='word_1_105' title='bbox 1322 1711 1375 1776; x_wconf 78' lang='grc' dir='ltr'><em>κοοέ</em></span> <span class='ocrx_word' id='word_1_106' title='bbox 1399 1737 1457 1776; x_wconf 84' lang='grc' dir='ltr'><em>κε-</em></span> 
     </span>
     <span class='ocr_line' id='line_1_12' title="bbox 284 1813 1459 1898; baseline 0.003 -18"><span class='ocrx_word' id='word_1_107' title='bbox 284 1816 452 1898; x_wconf 84' lang='grc' dir='ltr'><em>φοολοιιοίδκ</em></span> <span class='ocrx_word' id='word_1_108' title='bbox 475 1814 619 1895; x_wconf 77' lang='grc' dir='ltr'><em>περιέχον</em></span> <span class='ocrx_word' id='word_1_109' title='bbox 640 1821 696 1888; x_wconf 76' lang='grc' dir='ltr'><em>τῆς</em></span> <span class='ocrx_word' id='word_1_110' title='bbox 721 1816 848 1897; x_wconf 82' lang='grc' dir='ltr'><em>τοένδρδς</em></span> <span class='ocrx_word' id='word_1_111' title='bbox 875 1815 991 1898; x_wconf 83' lang='grc' dir='ltr'><em>τοφίοις</em></span> <span class='ocrx_word' id='word_1_112' title='bbox 1014 1815 1057 1879; x_wconf 80' lang='lat' dir='ltr'><strong>roi</strong></span> <span class='ocrx_word' id='word_1_113' title='bbox 1081 1813 1251 1892; x_wconf 74' lang='grc' dir='ltr'><em>δίρμοιτυ,</em></span> <span class='ocrx_word' id='word_1_114' title='bbox 1277 1813 1389 1881; x_wconf 77' lang='lat' dir='ltr'><strong>vitiosa</strong></span> <span class='ocrx_word' id='word_1_115' title='bbox 1411 1830 1459 1884; x_wconf 88' lang='lat' dir='ltr'><strong>est</strong></span> 
     </span>
     <span class='ocr_line' id='line_1_13' title="bbox 282 1918 1456 2010; baseline 0.002 -24"><span class='ocrx_word' id='word_1_116' title='bbox 282 1918 364 1986; x_wconf 90' lang='lat' dir='ltr'><strong>haec</strong></span> <span class='ocrx_word' id='word_1_117' title='bbox 392 1918 562 1986; x_wconf 75' lang='lat' dir='ltr'><strong>verborum</strong></span> <span class='ocrx_word' id='word_1_118' title='bbox 592 1919 798 2008; x_wconf 82' lang='lat' dir='ltr'><strong>compositio:</strong></span> <span class='ocrx_word' id='word_1_119' title='bbox 826 1918 897 2010; x_wconf 76' lang='lat' dir='ltr'><strong>lege</strong></span> <span class='ocrx_word' id='word_1_120' title='bbox 916 1921 960 1986; x_wconf 78' lang='grc' dir='ltr'><em>τὰ</em></span> <span class='ocrx_word' id='word_1_121' title='bbox 985 1918 1189 2002; x_wconf 83' lang='grc' dir='ltr'><em>κεφκλκιύδκ</em></span> <span class='ocrx_word' id='word_1_122' title='bbox 1216 1929 1248 1982; x_wconf 88' lang='lat' dir='ltr'><strong>et</strong></span> <span class='ocrx_word' id='word_1_123' title='bbox 1275 1921 1392 1986; x_wconf 83' lang='lat' dir='ltr'><strong>senties</strong></span> <span class='ocrx_word' id='word_1_124' title='bbox 1412 1923 1456 1988; x_wconf 76' lang='grc' dir='ltr'><em>τοὶ</em></span> 
     </span>
     <span class='ocr_line' id='line_1_14' title="bbox 284 2021 1458 2118; baseline 0.001 -28"><span class='ocrx_word' id='word_1_125' title='bbox 284 2024 436 2102; x_wconf 75' lang='grc' dir='ltr'><em>δόγματος</em></span> <span class='ocrx_word' id='word_1_126' title='bbox 465 2022 608 2112; x_wconf 91' lang='lat' dir='ltr'><strong>spurium</strong></span> <span class='ocrx_word' id='word_1_127' title='bbox 636 2045 712 2088; x_wconf 85' lang='lat' dir='ltr'><strong>esse.</strong></span> <span class='ocrx_word' id='word_1_128' title='bbox 735 2097 741 2107; x_wconf 38' lang='grc'>,</span> <span class='ocrx_word' id='word_1_129' title='bbox 759 2021 866 2091; x_wconf 80' lang='lat' dir='ltr'><strong>Simili</strong></span> <span class='ocrx_word' id='word_1_130' title='bbox 884 2023 982 2090; x_wconf 84' lang='lat' dir='ltr'><strong>modo</strong></span> <span class='ocrx_word' id='word_1_131' title='bbox 1009 2027 1064 2102; x_wconf 91' lang='grc'><em>41,</em></span> <span class='ocrx_word' id='word_1_132' title='bbox 1081 2027 1138 2096; x_wconf 83' lang='grc'><strong>34.</strong></span> <span class='ocrx_word' id='word_1_133' title='bbox 1159 2023 1230 2111; x_wconf 76' lang='lat' dir='ltr'><strong>lege</strong></span> <span class='ocrx_word' id='word_1_134' title='bbox 1248 2023 1261 2086; x_wconf 81' lang='grc' dir='ltr'><em>ἐ</em></span> <span class='ocrx_word' id='word_1_135' title='bbox 1282 2028 1375 2100; x_wconf 81' lang='grc' dir='ltr'><em>ου’τύς</em></span> <span class='ocrx_word' id='word_1_136' title='bbox 1398 2049 1458 2118; x_wconf 90' lang='lat' dir='ltr'><strong>pro</strong></span> 
     </span>
     <span class='ocr_line' id='line_1_15' title="bbox 284 2126 1457 2217; baseline 0.006 -24"><span class='ocrx_word' id='word_1_137' title='bbox 284 2128 379 2200; x_wconf 84' lang='grc' dir='ltr'><em>κύτίς</em></span> <span class='ocrx_word' id='word_1_138' title='bbox 410 2139 443 2192; x_wconf 91' lang='lat' dir='ltr'><strong>et</strong></span> <span class='ocrx_word' id='word_1_139' title='bbox 470 2126 637 2217; x_wconf 80' lang='lat' dir='ltr'><strong>apparebit</strong></span> <span class='ocrx_word' id='word_1_140' title='bbox 667 2127 976 2210; x_wconf 69' lang='grc' dir='ltr'><em>οέρκεῒοίκιολίγοις</em></span> <span class='ocrx_word' id='word_1_141' title='bbox 1009 2127 1176 2207; x_wconf 87' lang='grc' dir='ltr'><em>δυνοίμενος</em></span> <span class='ocrx_word' id='word_1_142' title='bbox 1210 2151 1278 2194; x_wconf 88' lang='lat' dir='ltr'><strong>esse</strong></span> <span class='ocrx_word' id='word_1_143' title='bbox 1310 2129 1457 2202; x_wconf 85' lang='lat' dir='ltr'><strong>insiticia.</strong></span> 
     </span>
     <span class='ocr_line' id='line_1_16' title="bbox 286 2232 1457 2324; baseline 0.004 -25"><span class='ocrx_word' id='word_1_144' title='bbox 286 2232 407 2324; x_wconf 81' lang='lat' dir='ltr'><strong>Lepido</strong></span> <span class='ocrx_word' id='word_1_145' title='bbox 432 2246 499 2301; x_wconf 86' lang='lat' dir='ltr'><strong>erat</strong></span> <span class='ocrx_word' id='word_1_146' title='bbox 519 2234 674 2324; x_wconf 90' lang='lat' dir='ltr'><strong>scriptum</strong></span> <span class='ocrx_word' id='word_1_147' title='bbox 696 2236 754 2314; x_wconf 88' lang='grc'><em>42,</em></span> <span class='ocrx_word' id='word_1_148' title='bbox 774 2237 827 2302; x_wconf 81' lang='grc'><strong>28.</strong></span> <span class='ocrx_word' id='word_1_149' title='bbox 850 2236 899 2300; x_wconf 76' lang='lat' dir='ltr'><strong>oiri</strong></span> <span class='ocrx_word' id='word_1_150' title='bbox 930 2233 994 2315; x_wconf 76' lang='grc' dir='ltr'><em>χοίρ</em></span> <span class='ocrx_word' id='word_1_151' title='bbox 1021 2257 1063 2313; x_wconf 85' lang='grc' dir='ltr'><em>με</em></span> <span class='ocrx_word' id='word_1_152' title='bbox 1091 2235 1203 2315; x_wconf 80' lang='grc' dir='ltr'><em>μοιχδν</em></span> <span class='ocrx_word' id='word_1_153' title='bbox 1230 2236 1457 2313; x_wconf 78' lang='grc' dir='ltr'><em>ὑποπτεύοντες</em></span> 
     </span>
     <span class='ocr_line' id='line_1_17' title="bbox 282 2335 1456 2430; baseline 0.005 -26"><span class='ocrx_word' id='word_1_154' title='bbox 282 2335 360 2405; x_wconf 82' lang='grc' dir='ltr'><em>είνοιι</em></span> <span class='ocrx_word' id='word_1_155' title='bbox 383 2348 443 2405; x_wconf 78' lang='grc' dir='ltr'><em>τῶν</em></span> <span class='ocrx_word' id='word_1_156' title='bbox 472 2341 573 2405; x_wconf 68' lang='lat' dir='ltr'><strong>aurun</strong></span> <span class='ocrx_word' id='word_1_157' title='bbox 596 2343 751 2418; x_wconf 75' lang='grc' dir='ltr'><em>γυνοιικῶν</em></span> <span class='ocrx_word' id='word_1_158' title='bbox 775 2340 911 2424; x_wconf 83' lang='grc' dir='ltr'><em>ἐδίωκον,</em></span> <span class='ocrx_word' id='word_1_159' title='bbox 939 2340 1060 2406; x_wconf 84' lang='lat' dir='ltr'><strong>insulse</strong></span> <span class='ocrx_word' id='word_1_160' title='bbox 1081 2339 1197 2430; x_wconf 86' lang='lat' dir='ltr'><strong>aliquis</strong></span> <span class='ocrx_word' id='word_1_161' title='bbox 1216 2341 1349 2408; x_wconf 87' lang='lat' dir='ltr'><strong>inseruit</strong></span> <span class='ocrx_word' id='word_1_162' title='bbox 1376 2340 1456 2410; x_wconf 84' lang='grc' dir='ltr'><em>είνοον</em></span> 
     </span>
     <span class='ocr_line' id='line_1_18' title="bbox 287 2442 1456 2535; baseline 0.005 -27"><span class='ocrx_word' id='word_1_163' title='bbox 287 2442 361 2532; x_wconf 81' lang='grc' dir='ltr'><em>[τῶν</em></span> <span class='ocrx_word' id='word_1_164' title='bbox 386 2443 518 2533; x_wconf 76' lang='lat' dir='ltr'><em>i&#39;rrrrror]⁰</em></span> <span class='ocrx_word' id='word_1_165' title='bbox 566 2443 604 2508; x_wconf 85' lang='lat' dir='ltr'><em>In</em></span> <span class='ocrx_word' id='word_1_166' title='bbox 634 2448 698 2523; x_wconf 88' lang='grc'><em>45,</em></span> <span class='ocrx_word' id='word_1_167' title='bbox 717 2448 772 2509; x_wconf 85' lang='grc'><strong>29.</strong></span> <span class='ocrx_word' id='word_1_168' title='bbox 802 2445 1020 2521; x_wconf 83' lang='grc' dir='ltr'><em>κκτέοκλκκεν</em></span> <span class='ocrx_word' id='word_1_169' title='bbox 1053 2442 1121 2518; x_wconf 83' lang='grc' dir='ltr'><em>ύλυς</em></span> <span class='ocrx_word' id='word_1_170' title='bbox 1161 2446 1361 2535; x_wconf 79' lang='grc' dir='ltr'><em>[ἐκτετκκὼς]</em></span> <span class='ocrx_word' id='word_1_171' title='bbox 1398 2450 1456 2516; x_wconf 81' lang='grc' dir='ltr'><em>ὑπὸ</em></span> 
     </span>
     <span class='ocr_line' id='line_1_19' title="bbox 282 2546 1456 2636; baseline 0.008 -24"><span class='ocrx_word' id='word_1_172' title='bbox 282 2546 469 2630; x_wconf 82' lang='grc' dir='ltr'><em>Φροντίδων,</em></span> <span class='ocrx_word' id='word_1_173' title='bbox 504 2559 590 2614; x_wconf 84' lang='lat' dir='ltr'><strong>recto</strong></span> <span class='ocrx_word' id='word_1_174' title='bbox 615 2551 706 2636; x_wconf 89' lang='grc'><strong>831.</strong></span> <span class='ocrx_word' id='word_1_175' title='bbox 739 2548 904 2624; x_wconf 76' lang='grc' dir='ltr'><em>ἐκτέτηκεν</em></span> <span class='ocrx_word' id='word_1_176' title='bbox 928 2546 998 2622; x_wconf 80' lang='grc' dir='ltr'><em>ἐλος</em></span> <span class='ocrx_word' id='word_1_177' title='bbox 1028 2551 1086 2615; x_wconf 84' lang='grc' dir='ltr'><em>ύπδ</em></span> <span class='ocrx_word' id='word_1_178' title='bbox 1118 2555 1178 2615; x_wconf 79' lang='grc' dir='ltr'><em>τῶν</em></span> <span class='ocrx_word' id='word_1_179' title='bbox 1203 2559 1375 2631; x_wconf 70' lang='grc' dir='ltr'><em>λογισμῶν.</em></span> <span class='ocrx_word' id='word_1_180' title='bbox 1418 2553 1456 2622; x_wconf 88' lang='lat' dir='ltr'><em>In</em></span> 
     </span>
     <span class='ocr_line' id='line_1_20' title="bbox 284 2652 1457 2743; baseline 0.005 -25"><span class='ocrx_word' id='word_1_181' title='bbox 284 2655 342 2732; x_wconf 86' lang='grc'><em>46,</em></span> <span class='ocrx_word' id='word_1_182' title='bbox 363 2656 395 2720; x_wconf 89' lang='grc'><strong>2.</strong></span> <span class='ocrx_word' id='word_1_183' title='bbox 424 2654 589 2726; x_wconf 82' lang='grc' dir='ltr'><em>Μένιππος</em></span> <span class='ocrx_word' id='word_1_184' title='bbox 613 2655 687 2731; x_wconf 79' lang='grc' dir='ltr'><em>ἡμῖν</em></span> <span class='ocrx_word' id='word_1_185' title='bbox 708 2653 850 2726; x_wconf 68' lang='grc' dir='ltr'><em>διοπετὴς</em></span> <span class='ocrx_word' id='word_1_186' title='bbox 875 2652 1006 2734; x_wconf 83' lang='grc' dir='ltr'><em>ποίρεςιν</em></span> <span class='ocrx_word' id='word_1_187' title='bbox 1035 2653 1085 2741; x_wconf 79' lang='grc' dir='ltr'><em>[ἐξ</em></span> <span class='ocrx_word' id='word_1_188' title='bbox 1107 2655 1260 2743; x_wconf 83' lang='grc' dir='ltr'><em>ούροινοῦ].</em></span> <span class='ocrx_word' id='word_1_189' title='bbox 1301 2661 1457 2737; x_wconf 76' lang='grc' dir='ltr'><em>Διοπετιίς</em></span> 
     </span>
     <span class='ocr_line' id='line_1_21' title="bbox 281 2757 1454 2847; baseline 0.006 -23"><span class='ocrx_word' id='word_1_190' title='bbox 281 2759 441 2847; x_wconf 82' lang='lat' dir='ltr'><strong>significat</strong></span> <span class='ocrx_word' id='word_1_191' title='bbox 457 2759 492 2836; x_wconf 77' lang='grc' dir='ltr'><em>ἐξ</em></span> <span class='ocrx_word' id='word_1_192' title='bbox 507 2759 647 2839; x_wconf 75' lang='grc' dir='ltr'><em>ούροονοῦι</em></span> <span class='ocrx_word' id='word_1_193' title='bbox 660 2758 848 2824; x_wconf 74' lang='lat' dir='ltr'><strong>Husncnlus</strong></span> <span class='ocrx_word' id='word_1_194' title='bbox 867 2757 1063 2830; x_wconf 78' lang='grc' dir='ltr'><em>διοπετέςι</em></span> <span class='ocrx_word' id='word_1_195' title='bbox 1087 2757 1122 2834; x_wconf 81' lang='grc' dir='ltr'><em>ἐξ</em></span> <span class='ocrx_word' id='word_1_196' title='bbox 1139 2759 1263 2839; x_wconf 84' lang='grc' dir='ltr'><em>ούροονοῦ</em></span> <span class='ocrx_word' id='word_1_197' title='bbox 1275 2760 1454 2842; x_wconf 81' lang='grc' dir='ltr'><em>ἐρχόμενον.</em></span> 
     </span>
     <span class='ocr_line' id='line_1_22' title="bbox 282 2860 1457 2959; baseline 0.008 -31"><span class='ocrx_word' id='word_1_198' title='bbox 282 2867 351 2952; x_wconf 88' lang='grc'><strong>86.</strong></span> <span class='ocrx_word' id='word_1_199' title='bbox 375 2865 410 2928; x_wconf 80' lang='grc' dir='ltr'><em>τὸ</em></span> <span class='ocrx_word' id='word_1_200' title='bbox 431 2862 560 2955; x_wconf 79' lang='grc' dir='ltr'><em>Ιμετοοξέι</em></span> <span class='ocrx_word' id='word_1_201' title='bbox 582 2871 640 2938; x_wconf 72' lang='grc' dir='ltr'><em>τῆς</em></span> <span class='ocrx_word' id='word_1_202' title='bbox 666 2863 797 2938; x_wconf 72' lang='grc' dir='ltr'><em>σελήνης</em></span> <span class='ocrx_word' id='word_1_203' title='bbox 825 2861 878 2926; x_wconf 73' lang='lat' dir='ltr'><em>uui</em></span> <span class='ocrx_word' id='word_1_204' title='bbox 905 2865 960 2930; x_wconf 81' lang='grc' dir='ltr'><em>τοῦ</em></span> <span class='ocrx_word' id='word_1_205' title='bbox 988 2860 1075 2937; x_wconf 74' lang='grc' dir='ltr'><em>ἡλίου</em></span> <span class='ocrx_word' id='word_1_206' title='bbox 1103 2860 1239 2951; x_wconf 85' lang='grc' dir='ltr'><em>[χορίον]</em></span> <span class='ocrx_word' id='word_1_207' title='bbox 1262 2866 1330 2932; x_wconf 87' lang='lat' dir='ltr'><strong>non&#39;</strong></span> <span class='ocrx_word' id='word_1_208' title='bbox 1349 2871 1457 2959; x_wconf 83' lang='lat' dir='ltr'><strong>potuit</strong></span> 
     </span>
     <span class='ocr_line' id='line_1_23' title="bbox 280 2961 1497 3056; baseline 0.005 -21"><span class='ocrx_word' id='word_1_209' title='bbox 280 2968 474 3035; x_wconf 79' lang='lat' dir='ltr'><strong>vocabulum</strong></span> <span class='ocrx_word' id='word_1_210' title='bbox 500 2965 641 3056; x_wconf 88' lang='lat' dir='ltr'><strong>ineptius</strong></span> <span class='ocrx_word' id='word_1_211' title='bbox 671 2964 814 3056; x_wconf 84' lang='lat' dir='ltr'><strong>suppleri</strong></span> <span class='ocrx_word' id='word_1_212' title='bbox 832 2987 930 3056; x_wconf 81' lang='lat' dir='ltr'><strong>quam</strong></span> <span class='ocrx_word' id='word_1_213' title='bbox 948 2964 1070 3047; x_wconf 87' lang='grc' dir='ltr'><em>χορίον.</em></span> <span class='ocrx_word' id='word_1_214' title='bbox 1116 2965 1242 3034; x_wconf 78' lang='lat' dir='ltr'><strong>Dicitur</strong></span> <span class='ocrx_word' id='word_1_215' title='bbox 1268 2973 1304 3037; x_wconf 80' lang='grc' dir='ltr'><em>τὸ</em></span> <span class='ocrx_word' id='word_1_216' title='bbox 1327 2977 1453 3056; x_wconf 80' lang='grc' dir='ltr'><em>μετκξύ</em></span> <span class='ocrx_word' id='word_1_217' title='bbox 1492 2961 1497 2972; x_wconf 74' lang='grc'><strong><em>’</em></strong></span> 
     </span>
     <span class='ocr_line' id='line_1_24' title="bbox 283 3057 712 3154; baseline -0.009 -14"><span class='ocrx_word' id='word_1_218' title='bbox 283 3074 322 3140; x_wconf 78' lang='lat' dir='ltr'><em>ut</em></span> <span class='ocrx_word' id='word_1_219' title='bbox 339 3076 375 3142; x_wconf 85' lang='grc' dir='ltr'><em>τδ</em></span> <span class='ocrx_word' id='word_1_220' title='bbox 395 3074 490 3154; x_wconf 77' lang='grc' dir='ltr'><em>μέσον</em></span> <span class='ocrx_word' id='word_1_221' title='bbox 511 3073 545 3137; x_wconf 89' lang='lat' dir='ltr'><em>in</em></span> <span class='ocrx_word' id='word_1_222' title='bbox 568 3057 712 3137; x_wconf 81' lang='lat' dir='ltr'><strong>oraculo:</strong></span> 
     </span>
    </p>

    <p class='ocr_par' dir='ltr' id='par_1_3' title="bbox 279 3173 1483 3583">
     <span class='ocr_line' id='line_1_25' title="bbox 455 3173 1241 3259; baseline 0.004 -15"><span class='ocrx_word' id='word_1_223' title='bbox 455 3181 483 3245; x_wconf 84' lang='grc' dir='ltr'><em>εί</em></span> <span class='ocrx_word' id='word_1_224' title='bbox 507 3180 542 3244; x_wconf 70' lang='lat' dir='ltr'><strong>ri</strong></span> <span class='ocrx_word' id='word_1_225' title='bbox 565 3178 661 3259; x_wconf 73' lang='grc' dir='ltr'><em>μέσον</em></span> <span class='ocrx_word' id='word_1_226' title='bbox 684 3177 815 3253; x_wconf 76' lang='grc' dir='ltr'><em>κτύτκιο</em></span> <span class='ocrx_word' id='word_1_227' title='bbox 838 3176 976 3259; x_wconf 85' lang='grc' dir='ltr'><em>Κορίνύου</em></span> <span class='ocrx_word' id='word_1_228' title='bbox 1001 3177 1053 3244; x_wconf 82' lang='grc' dir='ltr'><em>κκ)</em></span> <span class='ocrx_word' id='word_1_229' title='bbox 1079 3173 1241 3255; x_wconf 77' lang='grc' dir='ltr'><em>Σικυῶνος.</em></span> 
     </span>
     <span class='ocr_line' id='line_1_26' title="bbox 279 3280 1483 3373; baseline 0.007 -24"><span class='ocrx_word' id='word_1_230' title='bbox 279 3283 467 3373; x_wconf 78' lang='grc' dir='ltr'><em>820.’πρδς</em></span> <span class='ocrx_word' id='word_1_231' title='bbox 486 3281 595 3348; x_wconf 71' lang='lat' dir='ltr'><strong>rouro</strong></span> <span class='ocrx_word' id='word_1_232' title='bbox 611 3307 653 3361; x_wconf 84' lang='grc' dir='ltr'><em>με</em></span> <span class='ocrx_word' id='word_1_233' title='bbox 675 3283 814 3364; x_wconf 82' lang='grc' dir='ltr'><em>οέδελφδυ</em></span> <span class='ocrx_word' id='word_1_234' title='bbox 834 3280 911 3346; x_wconf 84' lang='grc' dir='ltr'><em>ύντοο</em></span> <span class='ocrx_word' id='word_1_235' title='bbox 926 3281 1015 3371; x_wconf 85' lang='grc' dir='ltr'><em>[μου]</em></span> <span class='ocrx_word' id='word_1_236' title='bbox 1037 3289 1228 3366; x_wconf 75' lang='grc' dir='ltr'><em>ουχκροίιοκι</em></span> <span class='ocrx_word' id='word_1_237' title='bbox 1251 3290 1453 3372; x_wconf 81' lang='grc' dir='ltr'><em>προκιρούμε-</em></span> <span class='ocrx_word' id='word_1_238' title='bbox 1481 3321 1483 3327; x_wconf 95' lang='grc'><strong><em>·</em></strong></span> 
     </span>
     <span class='ocr_line' id='line_1_27' title="bbox 279 3385 1456 3486; baseline 0.01 -31"><span class='ocrx_word' id='word_1_239' title='bbox 279 3413 338 3463; x_wconf 91' lang='grc' dir='ltr'><em>νοι,</em></span> <span class='ocrx_word' id='word_1_240' title='bbox 356 3408 535 3479; x_wconf 85' lang='lat' dir='ltr'><strong>pronomen</strong></span> <span class='ocrx_word' id='word_1_241' title='bbox 554 3385 588 3450; x_wconf 89' lang='lat' dir='ltr'><em>in</em></span> <span class='ocrx_word' id='word_1_242' title='bbox 606 3387 724 3454; x_wconf 83' lang='lat' dir='ltr'><strong>talibus</strong></span> <span class='ocrx_word' id='word_1_243' title='bbox 744 3386 859 3452; x_wconf 82' lang='lat' dir='ltr'><strong>locum</strong></span> <span class='ocrx_word' id='word_1_244' title='bbox 874 3411 940 3454; x_wconf 93' lang='lat' dir='ltr'><em>non</em></span> <span class='ocrx_word' id='word_1_245' title='bbox 959 3387 1068 3455; x_wconf 90' lang='lat' dir='ltr'><strong>habet.</strong></span> <span class='ocrx_word' id='word_1_246' title='bbox 1102 3387 1141 3454; x_wconf 91' lang='lat' dir='ltr'><em>In</em></span> <span class='ocrx_word' id='word_1_247' title='bbox 1159 3389 1456 3486; x_wconf 67' lang='lat' dir='ltr'><strong>Thesmophorion.</strong></span> 
     </span>
     <span class='ocr_line' id='line_1_28' title="bbox 279 3493 748 3583; baseline -0.004 -24"><span class='ocrx_word' id='word_1_248' title='bbox 279 3516 323 3560; x_wconf 81' lang='lat' dir='ltr'><strong>rr.</strong></span> <span class='ocrx_word' id='word_1_249' title='bbox 347 3497 391 3558; x_wconf 87' lang='grc'><em>74</em></span> <span class='ocrx_word' id='word_1_250' title='bbox 416 3502 580 3581; x_wconf 84' lang='lat' dir='ltr'><strong>receptum</strong></span> <span class='ocrx_word' id='word_1_251' title='bbox 605 3493 748 3583; x_wconf 88' lang='lat' dir='ltr'><strong>oportuit</strong></span> 
     </span>
    </p>

    <p class='ocr_par' dir='ltr' id='par_1_4' title="bbox 493 3595 1219 3679">
     <span class='ocr_line' id='line_1_29' title="bbox 493 3595 1219 3679; baseline 0.01 -18"><span class='ocrx_word' id='word_1_252' title='bbox 493 3598 527 3662; x_wconf 87' lang='grc' dir='ltr'><em>ού</em></span> <span class='ocrx_word' id='word_1_253' title='bbox 551 3605 631 3678; x_wconf 78' lang='grc' dir='ltr'><em>χρῆν</em></span> <span class='ocrx_word' id='word_1_254' title='bbox 655 3595 860 3678; x_wconf 69' lang='lat' dir='ltr'><strong>ecupriorem</strong></span> <span class='ocrx_word' id='word_1_255' title='bbox 884 3595 960 3662; x_wconf 67' lang='lat' dir='ltr'><strong>orror</strong></span> <span class='ocrx_word' id='word_1_256' title='bbox 982 3597 1114 3674; x_wconf 73' lang='grc' dir='ltr'><em>κκδεςέιν</em></span> <span class='ocrx_word' id='word_1_257' title='bbox 1138 3601 1219 3679; x_wconf 75' lang='grc' dir='ltr'><em>ἐμέ.</em></span> 
     </span>
    </p>

    <p class='ocr_par' dir='ltr' id='par_1_5' title="bbox 277 3699 1452 4637">
     <span class='ocr_line' id='line_1_30' title="bbox 279 3699 1452 3794; baseline -0.003 -26"><span class='ocrx_word' id='word_1_258' title='bbox 279 3725 339 3794; x_wconf 87' lang='lat' dir='ltr'><strong>pro</strong></span> <span class='ocrx_word' id='word_1_259' title='bbox 364 3699 437 3781; x_wconf 87' lang='grc' dir='ltr'><em>ἐμίν</em></span> <span class='ocrx_word' id='word_1_260' title='bbox 460 3725 480 3766; x_wconf 89' lang='lat' dir='ltr'><strong>a</strong></span> <span class='ocrx_word' id='word_1_261' title='bbox 502 3701 679 3768; x_wconf 79' lang='lat' dir='ltr'><strong>Bnuucuo</strong></span> <span class='ocrx_word' id='word_1_262' title='bbox 698 3701 924 3768; x_wconf 81' lang='lat' dir='ltr'><strong>emendatum..</strong></span> <span class='ocrx_word' id='word_1_263' title='bbox 948 3706 967 3788; x_wconf 86' lang='lat'>§</span> <span class='ocrx_word' id='word_1_264' title='bbox 988 3706 1041 3769; x_wconf 80' lang='lat'><em>32.</em></span> <span class='ocrx_word' id='word_1_265' title='bbox 1065 3706 1098 3768; x_wconf 88' lang='grc' dir='ltr'><em>ού</em></span> <span class='ocrx_word' id='word_1_266' title='bbox 1124 3705 1256 3786; x_wconf 77' lang='grc' dir='ltr'><em>μετρίως</em></span> <span class='ocrx_word' id='word_1_267' title='bbox 1284 3711 1369 3787; x_wconf 71' lang='grc' dir='ltr'><em>ἡμῶν</em></span> <span class='ocrx_word' id='word_1_268' title='bbox 1394 3735 1452 3776; x_wconf 61' lang='grc' dir='ltr'><em>χχ.</em></span> 
     </span>
     <span class='ocr_line' id='line_1_31' title="bbox 279 3789 1449 3907; baseline 0.005 -33"><span class='ocrx_word' id='word_1_269' title='bbox 279 3789 451 3882; x_wconf 71' lang='grc' dir='ltr'><em>ύοίπτονπκί</em></span> <span class='ocrx_word' id='word_1_270' title='bbox 471 3810 553 3887; x_wconf 76' lang='grc' dir='ltr'><em>μήτε</em></span> <span class='ocrx_word' id='word_1_271' title='bbox 574 3809 794 3888; x_wconf 84' lang='grc' dir='ltr'><em>ἐπιμελεῑούου</em></span> <span class='ocrx_word' id='word_1_272' title='bbox 815 3814 874 3872; x_wconf 78' lang='grc' dir='ltr'><em>τῶν</em></span> <span class='ocrx_word' id='word_1_273' title='bbox 897 3809 1060 3889; x_wconf 79' lang='grc' dir='ltr'><em>νίνύροίπονν</em></span> <span class='ocrx_word' id='word_1_274' title='bbox 1081 3796 1228 3886; x_wconf 71' lang='grc' dir='ltr'><em>λέγοντες</em></span> <span class='ocrx_word' id='word_1_275' title='bbox 1253 3811 1449 3907; x_wconf 81' lang='grc' dir='ltr'><em>[τοὺςύεούς]</em></span> 
     </span>
     <span class='ocr_line' id='line_1_32' title="bbox 277 3908 1452 4001; baseline -0.003 -23"><span class='ocrx_word' id='word_1_276' title='bbox 277 3914 344 3982; x_wconf 87' lang='grc' dir='ltr'><em>κτέ.</em></span> <span class='ocrx_word' id='word_1_277' title='bbox 379 3915 476 4000; x_wconf 83' lang='grc'><strong>833.</strong></span> <span class='ocrx_word' id='word_1_278' title='bbox 497 3914 530 3985; x_wconf 92' lang='grc' dir='ltr'><em>ἐς</em></span> <span class='ocrx_word' id='word_1_279' title='bbox 552 3913 652 3978; x_wconf 84' lang='grc' dir='ltr'><em>νέυτοο</em></span> <span class='ocrx_word' id='word_1_280' title='bbox 673 3908 724 3978; x_wconf 85' lang='grc' dir='ltr'><em>ούν</em></span> <span class='ocrx_word' id='word_1_281' title='bbox 748 3912 944 4001; x_wconf 25' lang='grc' dir='ltr'><em>[ἐρχομένου.</em></span> <span class='ocrx_word' id='word_1_282' title='bbox 960 3908 1041 4001; x_wconf 78' lang='grc' dir='ltr'><em>ἦρος]</em></span> <span class='ocrx_word' id='word_1_283' title='bbox 1063 3913 1151 3978; x_wconf 79' lang='grc' dir='ltr'><em>κοικοί</em></span> <span class='ocrx_word' id='word_1_284' title='bbox 1172 3922 1275 3990; x_wconf 75' lang='grc' dir='ltr'><em>κακῶς</em></span> <span class='ocrx_word' id='word_1_285' title='bbox 1298 3919 1452 3986; x_wconf 81' lang='grc' dir='ltr'><em>οέπολοῦν.</em></span> 
     </span>
     <span class='ocr_line' id='line_1_33' title="bbox 277 4009 1452 4114; baseline 0.007 -30"><span class='ocrx_word' id='word_1_286' title='bbox 277 4043 351 4092; x_wconf 75' lang='grc' dir='ltr'><em>τοι,</em></span> <span class='ocrx_word' id='word_1_287' title='bbox 371 4018 492 4109; x_wconf 86' lang='lat' dir='ltr'><strong>optime</strong></span> <span class='ocrx_word' id='word_1_288' title='bbox 509 4019 736 4110; x_wconf 85' lang='lat' dir='ltr'><strong>interpretatur</strong></span> <span class='ocrx_word' id='word_1_289' title='bbox 755 4017 953 4108; x_wconf 81' lang='lat' dir='ltr'><strong>quicumque</strong></span> <span class='ocrx_word' id='word_1_290' title='bbox 972 4017 1155 4108; x_wconf 84' lang='lat' dir='ltr'><strong>adscripsit,</strong></span> <span class='ocrx_word' id='word_1_291' title='bbox 1178 4018 1232 4084; x_wconf 89' lang='lat' dir='ltr'><strong>sed</strong></span> <span class='ocrx_word' id='word_1_292' title='bbox 1256 4021 1290 4086; x_wconf 87' lang='lat' dir='ltr'><em>in</em></span> <span class='ocrx_word' id='word_1_293' title='bbox 1311 4009 1452 4114; x_wconf 75' lang='lat' dir='ltr'><strong>margine</strong></span> 
     </span>
     <span class='ocr_line' id='line_1_34' title="bbox 278 4115 1450 4213; baseline 0.007 -25"><span class='ocrx_word' id='word_1_294' title='bbox 278 4135 354 4196; x_wconf 68' lang='lat' dir='ltr'><strong>erat.</strong></span> <span class='ocrx_word' id='word_1_295' title='bbox 371 4123 630 4213; x_wconf 83' lang='lat' dir='ltr'><strong>relinquendum.</strong></span> <span class='ocrx_word' id='word_1_296' title='bbox 665 4127 725 4203; x_wconf 89' lang='grc'><em>56,</em></span> <span class='ocrx_word' id='word_1_297' title='bbox 746 4127 778 4190; x_wconf 90' lang='grc'><strong>9.</strong></span> <span class='ocrx_word' id='word_1_298' title='bbox 801 4123 920 4196; x_wconf 77' lang='grc' dir='ltr'><em>τούτοις</em></span> <span class='ocrx_word' id='word_1_299' title='bbox 945 4122 1049 4189; x_wconf 70' lang='grc' dir='ltr'><em>ἄπονοι</em></span> <span class='ocrx_word' id='word_1_300' title='bbox 1076 4115 1297 4204; x_wconf 77' lang='grc' dir='ltr'><em>προεκπλύξκς</em></span> <span class='ocrx_word' id='word_1_301' title='bbox 1319 4130 1353 4194; x_wconf 86' lang='grc' dir='ltr'><em>τὸ</em></span> <span class='ocrx_word' id='word_1_302' title='bbox 1380 4131 1450 4196; x_wconf 62' lang='grc' dir='ltr'><em>ίέονό</em></span> 
     </span>
     <span class='ocr_line' id='line_1_35' title="bbox 277 4229 1450 4319; baseline 0.004 -25"><span class='ocrx_word' id='word_1_303' title='bbox 277 4252 346 4311; x_wconf 88' lang='grc' dir='ltr'><em>τρον</em></span> <span class='ocrx_word' id='word_1_304' title='bbox 370 4229 424 4293; x_wconf 81' lang='grc' dir='ltr'><em>κκὶ</em></span> <span class='ocrx_word' id='word_1_305' title='bbox 452 4231 616 4309; x_wconf 75' lang='grc' dir='ltr'><em>ύοουμοιςῆς</em></span> <span class='ocrx_word' id='word_1_306' title='bbox 642 4229 766 4301; x_wconf 79' lang='grc' dir='ltr'><em>ἐλπιδος</em></span> <span class='ocrx_word' id='word_1_307' title='bbox 789 4229 959 4306; x_wconf 75' lang='grc' dir='ltr'><em>ἐμπλείους</em></span> <span class='ocrx_word' id='word_1_308' title='bbox 989 4229 1071 4317; x_wconf 82' lang='grc' dir='ltr'><em>[τοὺς</em></span> <span class='ocrx_word' id='word_1_309' title='bbox 1093 4229 1239 4319; x_wconf 75' lang='grc' dir='ltr'><em>ίεκτοίς]ε</em></span> <span class='ocrx_word' id='word_1_310' title='bbox 1267 4233 1302 4297; x_wconf 84' lang='grc' dir='ltr'><em>τὸ</em></span> <span class='ocrx_word' id='word_1_311' title='bbox 1326 4235 1450 4317; x_wconf 83' lang='grc' dir='ltr'><em>ίέοιτρον</em></span> 
     </span>
     <span class='ocr_line' id='line_1_36' title="bbox 277 4332 1450 4424; baseline 0.006 -25"><span class='ocrx_word' id='word_1_312' title='bbox 277 4333 436 4424; x_wconf 78' lang='lat' dir='ltr'><strong>significat</strong></span> <span class='ocrx_word' id='word_1_313' title='bbox 446 4335 518 4406; x_wconf 85' lang='grc' dir='ltr'><em>τούς</em></span> <span class='ocrx_word' id='word_1_314' title='bbox 531 4332 664 4409; x_wconf 82' lang='grc' dir='ltr'><em>ίεκτοές,</em></span> <span class='ocrx_word' id='word_1_315' title='bbox 676 4346 712 4400; x_wconf 92' lang='lat' dir='ltr'><em>ut</em></span> <span class='ocrx_word' id='word_1_316' title='bbox 723 4334 896 4400; x_wconf 81' lang='lat' dir='ltr'><strong>sexcenties</strong></span> <span class='ocrx_word' id='word_1_317' title='bbox 908 4333 993 4424; x_wconf 84' lang='lat' dir='ltr'><strong>apud</strong></span> <span class='ocrx_word' id='word_1_318' title='bbox 1006 4335 1268 4402; x_wconf 74' lang='lat' dir='ltr'><strong>Anlsnonnanuat</strong></span> <span class='ocrx_word' id='word_1_319' title='bbox 1279 4350 1310 4404; x_wconf 87' lang='lat' dir='ltr'><strong>et</strong></span> <span class='ocrx_word' id='word_1_320' title='bbox 1324 4361 1450 4421; x_wconf 83' lang='lat' dir='ltr'><strong>omnes,</strong></span> 
     </span>
     <span class='ocr_line' id='line_1_37' title="bbox 278 4439 1448 4531; baseline 0.003 -25"><span class='ocrx_word' id='word_1_321' title='bbox 278 4462 378 4530; x_wconf 87' lang='lat' dir='ltr'><strong>quare</strong></span> <span class='ocrx_word' id='word_1_322' title='bbox 396 4439 603 4506; x_wconf 78' lang='lat' dir='ltr'><strong>manifestum</strong></span> <span class='ocrx_word' id='word_1_323' title='bbox 620 4439 940 4531; x_wconf 80' lang='lat' dir='ltr'><strong>interpretamentum</strong></span> <span class='ocrx_word' id='word_1_324' title='bbox 960 4441 1094 4531; x_wconf 86' lang='lat' dir='ltr'><strong>expelle.</strong></span> <span class='ocrx_word' id='word_1_325' title='bbox 1129 4441 1167 4506; x_wconf 88' lang='lat' dir='ltr'><em>In</em></span> <span class='ocrx_word' id='word_1_326' title='bbox 1185 4447 1310 4521; x_wconf 85' lang='lat'><strong>63,10.</strong></span> <span class='ocrx_word' id='word_1_327' title='bbox 1330 4453 1394 4518; x_wconf 79' lang='grc' dir='ltr'><em>τοῖς</em></span> <span class='ocrx_word' id='word_1_328' title='bbox 1409 4448 1448 4518; x_wconf 78' lang='grc' dir='ltr'><em>ὦς</em></span> 
     </span>
     <span class='ocr_line' id='line_1_38' title="bbox 277 4524 1450 4637; baseline 0.006 -27"><span class='ocrx_word' id='word_1_329' title='bbox 277 4524 398 4620; x_wconf 63' lang='lat' dir='ltr'><em>danicis</em></span> <span class='ocrx_word' id='word_1_330' title='bbox 423 4545 588 4636; x_wconf 72' lang='grc' dir='ltr'><em>[γνησίοις]</em></span> <span class='ocrx_word' id='word_1_331' title='bbox 607 4546 754 4619; x_wconf 82' lang='grc' dir='ltr'><em>πολίτοιις</em></span> <span class='ocrx_word' id='word_1_332' title='bbox 775 4557 908 4637; x_wconf 84' lang='lat' dir='ltr'><strong>apparet</strong></span> <span class='ocrx_word' id='word_1_333' title='bbox 927 4544 1100 4612; x_wconf 85' lang='lat' dir='ltr'><strong>insiticium</strong></span> <span class='ocrx_word' id='word_1_334' title='bbox 1115 4569 1200 4613; x_wconf 82' lang='lat' dir='ltr'><strong>csse.</strong></span> <span class='ocrx_word' id='word_1_335' title='bbox 1233 4547 1271 4614; x_wconf 91' lang='lat' dir='ltr'><em>In</em></span> <span class='ocrx_word' id='word_1_336' title='bbox 1291 4552 1344 4626; x_wconf 89' lang='grc'><em>67,</em></span> <span class='ocrx_word' id='word_1_337' title='bbox 1363 4553 1399 4626; x_wconf 88' lang='grc'><em>9,</em></span> <span class='ocrx_word' id='word_1_338' title='bbox 1419 4555 1450 4618; x_wconf 84' lang='grc'><strong>2.</strong></span> 
     </span>
    </p>
   </div>
   <div class='ocr_carea' id='block_1_3' title="bbox 278 4647 1449 4810">
    <p class='ocr_par' dir='ltr' id='par_1_6' title="bbox 278 4647 1449 4810">
     <span class='ocr_line' id='line_1_39' title="bbox 278 4647 1449 4742; baseline 0.009 -29"><span class='ocrx_word' id='word_1_339' title='bbox 278 4647 429 4737; x_wconf 81' lang='grc' dir='ltr'><em>[πολλοὺς</em></span> <span class='ocrx_word' id='word_1_340' title='bbox 449 4650 628 4742; x_wconf 78' lang='grc' dir='ltr'><em>μεδίμνους]</em></span> <span class='ocrx_word' id='word_1_341' title='bbox 652 4650 748 4720; x_wconf 83' lang='lat' dir='ltr'><strong>facilc</strong></span> <span class='ocrx_word' id='word_1_342' title='bbox 768 4651 849 4720; x_wconf 90' lang='lat' dir='ltr'><strong>mihi</strong></span> <span class='ocrx_word' id='word_1_343' title='bbox 869 4649 1014 4720; x_wconf 81' lang='lat' dir='ltr'><strong>dabitur.</strong></span> <span class='ocrx_word' id='word_1_344' title='bbox 1022 4650 1121 4734; x_wconf 86' lang='lat' dir='ltr'><strong>sciolo</strong></span> <span class='ocrx_word' id='word_1_345' title='bbox 1140 4650 1261 4718; x_wconf 85' lang='lat' dir='ltr'><strong>deberi.</strong></span> <span class='ocrx_word' id='word_1_346' title='bbox 1285 4651 1322 4718; x_wconf 84' lang='lat' dir='ltr'><em>In</em></span> <span class='ocrx_word' id='word_1_347' title='bbox 1340 4657 1399 4734; x_wconf 89' lang='grc'><em>70,</em></span> <span class='ocrx_word' id='word_1_348' title='bbox 1420 4659 1449 4724; x_wconf 90' lang='grc'><em>4.</em></span> 
     </span>
     <span class='ocr_line' id='line_1_40' title="bbox 1034 4767 1250 4810; baseline -0.014 -1"><span class='ocrx_word' id='word_1_349' title='bbox 1034 4767 1037 4774; x_wconf 61' lang='grc'>’</span> <span class='ocrx_word' id='word_1_350' title='bbox 1105 4785 1110 4808; x_wconf 83' lang='grc'><strong>.</strong></span> <span class='ocrx_word' id='word_1_351' title='bbox 1220 4767 1250 4810; x_wconf 80' lang='lat'><em>22</em></span> 
     </span>
    </p>
   </div>
   <div class='ocr_carea' id='block_1_4' title="bbox 0 0 1888 5717">
    <p class='ocr_par' dir='ltr' id='par_1_7' title="bbox 0 0 1888 5717">
     <span class='ocr_line' id='line_1_41' title="bbox 0 0 1888 5717; baseline 0 3"><span class='ocrx_word' id='word_1_352' title='bbox 0 0 1888 5717; x_wconf 95' lang='lat' dir='ltr'><em> </em></span> 
     </span>
    </p>
   </div>
  </div>
 </body>
</html>
