<?xml version="1.0" encoding="UTF-8"?>
<!DOCTYPE html PUBLIC "-//W3C//DTD XHTML 1.0 Transitional//EN"
    "http://www.w3.org/TR/xhtml1/DTD/xhtml1-transitional.dtd">
<html xmlns="http://www.w3.org/1999/xhtml" xml:lang="en" lang="en">
 <head>
  <title>
</title>
<meta http-equiv="Content-Type" content="text/html;charset=utf-8" />
  <meta name='ocr-system' content='tesseract 3.04.00' />
  <meta name='ocr-capabilities' content='ocr_page ocr_carea ocr_par ocr_line ocrx_word'/>
</head>
<body>
  <div class='ocr_page' id='page_1' title='image "./variaelectiones02cobegoog_0268.png"; bbox 0 0 3767 5717; ppageno 0'>
   <div class='ocr_carea' id='block_1_1' title="bbox 942 569 1064 634">
    <p class='ocr_par' dir='ltr' id='par_1_1' title="bbox 942 569 1064 634">
     <span class='ocr_line' id='line_1_1' title="bbox 942 569 1064 634; baseline -0.025 -2"><span class='ocrx_word' id='word_1_1' title='bbox 942 569 1008 634; x_wconf 83' lang='grc'><strong>264</strong></span> <span class='ocrx_word' id='word_1_2' title='bbox 1059 616 1064 629; x_wconf 94' lang='grc'><strong>.</strong></span> 
     </span>
    </p>
   </div>
   <div class='ocr_carea' id='block_1_2' title="bbox 280 760 1739 4757">
    <p class='ocr_par' dir='ltr' id='par_1_2' title="bbox 280 760 1739 4757">
     <span class='ocr_line' id='line_1_2' title="bbox 390 760 1633 855; baseline -0.01 -13"><span class='ocrx_word' id='word_1_3' title='bbox 390 789 427 844; x_wconf 84' lang='grc' dir='ltr'><strong>ιιι</strong></span> <span class='ocrx_word' id='word_1_4' title='bbox 445 776 479 841; x_wconf 92' lang='lat' dir='ltr'><strong>in</strong></span> <span class='ocrx_word' id='word_1_5' title='bbox 501 764 701 852; x_wconf 77' lang='grc' dir='ltr'><em>είλενίίρωντο</em></span> <span class='ocrx_word' id='word_1_6' title='bbox 724 763 987 855; x_wconf 75' lang='grc' dir='ltr'><strong>(ἠλευθεροῦντο),</strong></span> <span class='ocrx_word' id='word_1_7' title='bbox 1012 761 1154 842; x_wconf 68' lang='grc' dir='ltr'><em>ἤγγελτο</em></span> <span class='ocrx_word' id='word_1_8' title='bbox 1176 760 1403 851; x_wconf 68' lang='grc' dir='ltr'><em>(ἠγγέλλετο),</em></span> <span class='ocrx_word' id='word_1_9' title='bbox 1423 762 1568 834; x_wconf 77' lang='grc' dir='ltr'><em>ἔσκαπτε</em></span> <span class='ocrx_word' id='word_1_10' title='bbox 1627 845 1633 849; x_wconf 27' lang='lat'>¹</span> 
     </span>
     <span class='ocr_line' id='line_1_3' title="bbox 393 863 1568 970; baseline -0.011 -22"><span class='ocrx_word' id='word_1_11' title='bbox 393 874 598 970; x_wconf 76' lang='grc' dir='ltr'><em>(ἕτκύπτετο)</em></span> <span class='ocrx_word' id='word_1_12' title='bbox 626 885 658 939; x_wconf 90' lang='lat' dir='ltr'><strong>et</strong></span> <span class='ocrx_word' id='word_1_13' title='bbox 678 863 1019 946; x_wconf 52' lang='lat' dir='ltr'><strong>similibus&#39;omnibum</strong></span> <span class='ocrx_word' id='word_1_14' title='bbox 1048 888 1185 957; x_wconf 86' lang='lat' dir='ltr'><strong>quorum</strong></span> <span class='ocrx_word' id='word_1_15' title='bbox 1210 890 1323 957; x_wconf 74' lang='lat' dir='ltr'><strong>magna</strong></span> <span class='ocrx_word' id='word_1_16' title='bbox 1347 878 1396 933; x_wconf 90' lang='lat' dir='ltr'><strong>est</strong></span> <span class='ocrx_word' id='word_1_17' title='bbox 1415 870 1507 958; x_wconf 88' lang='lat' dir='ltr'><strong>copia</strong></span> <span class='ocrx_word' id='word_1_18' title='bbox 1532 872 1568 938; x_wconf 90' lang='lat' dir='ltr'><strong>iu</strong></span> 
     </span>
     <span class='ocr_line' id='line_1_4' title="bbox 393 972 1567 1070; baseline -0.009 -17"><span class='ocrx_word' id='word_1_19' title='bbox 393 985 547 1054; x_wconf 83' lang='lat' dir='ltr'><strong>Codicum</strong></span> <span class='ocrx_word' id='word_1_20' title='bbox 561 978 733 1070; x_wconf 89' lang='lat' dir='ltr'><strong>scripturis.</strong></span> <span class='ocrx_word' id='word_1_21' title='bbox 749 976 918 1043; x_wconf 88' lang='lat' dir='ltr'><strong>Rarissime</strong></span> <span class='ocrx_word' id='word_1_22' title='bbox 931 972 1284 1063; x_wconf 69' lang='lat' dir='ltr'><strong>plusquamperfectum</strong></span> <span class='ocrx_word' id='word_1_23' title='bbox 1296 972 1329 1036; x_wconf 90' lang='lat' dir='ltr'><strong>iu</strong></span> <span class='ocrx_word' id='word_1_24' title='bbox 1340 972 1567 1062; x_wconf 80' lang='lat' dir='ltr'><strong>imperfectum</strong></span> 
     </span>
     <span class='ocr_line' id='line_1_5' title="bbox 389 1076 1739 1188; baseline -0.011 -30"><span class='ocrx_word' id='word_1_25' title='bbox 389 1093 475 1169; x_wconf 89' lang='lat' dir='ltr'><strong>abit,</strong></span> <span class='ocrx_word' id='word_1_26' title='bbox 489 1098 598 1154; x_wconf 90' lang='lat' dir='ltr'><strong>contra</strong></span> <span class='ocrx_word' id='word_1_27' title='bbox 613 1081 879 1174; x_wconf 88' lang='lat' dir='ltr'><strong>frequentissime.</strong></span> <span class='ocrx_word' id='word_1_28' title='bbox 899 1078 991 1144; x_wconf 82' lang='lat' dir='ltr'>Dabo</span> <span class='ocrx_word' id='word_1_29' title='bbox 1010 1099 1098 1143; x_wconf 90' lang='lat' dir='ltr'><strong>nuuc</strong></span> <span class='ocrx_word' id='word_1_30' title='bbox 1113 1098 1215 1167; x_wconf 88' lang='lat' dir='ltr'><strong>pauca</strong></span> <span class='ocrx_word' id='word_1_31' title='bbox 1231 1076 1388 1166; x_wconf 84' lang='lat' dir='ltr'><strong>quaedam</strong></span> <span class='ocrx_word' id='word_1_32' title='bbox 1405 1080 1568 1170; x_wconf 82' lang='lat' dir='ltr'><strong>exempla,</strong></span> <span class='ocrx_word' id='word_1_33' title='bbox 1735 1143 1739 1188; x_wconf 32' lang='lat' dir='ltr'>J</span> 
     </span>
     <span class='ocr_line' id='line_1_6' title="bbox 388 1180 1738 1274; baseline -0.009 -12"><span class='ocrx_word' id='word_1_34' title='bbox 388 1198 423 1262; x_wconf 92' lang='lat' dir='ltr'><strong>in</strong></span> <span class='ocrx_word' id='word_1_35' title='bbox 445 1194 631 1262; x_wconf 75' lang='lat' dir='ltr'><strong>Oratoribus</strong></span> <span class='ocrx_word' id='word_1_36' title='bbox 659 1186 867 1255; x_wconf 86' lang='lat' dir='ltr'><strong>emendandis</strong></span> <span class='ocrx_word' id='word_1_37' title='bbox 897 1184 974 1249; x_wconf 90' lang='lat' dir='ltr'><strong>alias</strong></span> <span class='ocrx_word' id='word_1_38' title='bbox 997 1182 1091 1274; x_wconf 87' lang='lat' dir='ltr'><strong>plura</strong></span> <span class='ocrx_word' id='word_1_39' title='bbox 1110 1183 1251 1248; x_wconf 88' lang='lat' dir='ltr'><strong>daturus.</strong></span> <span class='ocrx_word' id='word_1_40' title='bbox 1290 1180 1328 1246; x_wconf 91' lang='lat' dir='ltr'><strong>In</strong></span> <span class='ocrx_word' id='word_1_41' title='bbox 1352 1180 1567 1273; x_wconf 69' lang='lat' dir='ltr'><strong>Cyreqraedia</strong></span> <span class='ocrx_word' id='word_1_42' title='bbox 1737 1195 1738 1228; x_wconf 64' lang='lat' dir='ltr'><strong>t</strong></span> 
     </span>
     <span class='ocr_line' id='line_1_7' title="bbox 390 1286 1568 1378; baseline -0.01 -11"><span class='ocrx_word' id='word_1_43' title='bbox 390 1299 480 1367; x_wconf 78' lang='lat' dir='ltr'><strong>VIH.</strong></span> <span class='ocrx_word' id='word_1_44' title='bbox 495 1319 540 1369; x_wconf 79' lang='lat' dir='ltr'><strong>re.</strong></span> <span class='ocrx_word' id='word_1_45' title='bbox 560 1301 615 1364; x_wconf 98' lang='grc'><strong>23.</strong></span> <span class='ocrx_word' id='word_1_46' title='bbox 647 1296 700 1360; x_wconf 77' lang='grc' dir='ltr'><em>καί</em></span> <span class='ocrx_word' id='word_1_47' title='bbox 729 1298 837 1359; x_wconf 79' lang='grc' dir='ltr'><em>ταῦτα</em></span> <span class='ocrx_word' id='word_1_48' title='bbox 862 1290 919 1370; x_wconf 75' lang='grc' dir='ltr'><strong>μὲν</strong></span> <span class='ocrx_word' id='word_1_49' title='bbox 944 1291 979 1367; x_wconf 68' lang='grc' dir='ltr'><strong>δὴ</strong></span> <span class='ocrx_word' id='word_1_50' title='bbox 1004 1286 1081 1354; x_wconf 75' lang='grc' dir='ltr'><em>οὕτω</em></span> <span class='ocrx_word' id='word_1_51' title='bbox 1108 1288 1332 1370; x_wconf 77' lang='grc' dir='ltr'><strong>διεσκώπτετο,</strong></span> <span class='ocrx_word' id='word_1_52' title='bbox 1356 1288 1483 1378; x_wconf 81' lang='lat' dir='ltr'><strong>corrige</strong></span> <span class='ocrx_word' id='word_1_53' title='bbox 1506 1290 1568 1355; x_wconf 76' lang='grc' dir='ltr'><em>διέ-</em></span> 
     </span>
     <span class='ocr_line' id='line_1_8' title="bbox 389 1391 1567 1495; baseline -0.013 -21"><span class='ocrx_word' id='word_1_54' title='bbox 389 1430 526 1474; x_wconf 89' lang='grc' dir='ltr'><em>σκωπτο.</em></span> <span class='ocrx_word' id='word_1_55' title='bbox 577 1403 671 1495; x_wconf 79' lang='lat' dir='ltr'><strong>Apud</strong></span> <span class='ocrx_word' id='word_1_56' title='bbox 700 1401 927 1465; x_wconf 84' lang='lat' dir='ltr'><strong>Trmcrmomr</strong></span> <span class='ocrx_word' id='word_1_57' title='bbox 958 1393 1029 1459; x_wconf 81' lang='lat' dir='ltr'><strong>Vll.</strong></span> <span class='ocrx_word' id='word_1_58' title='bbox 1057 1396 1089 1459; x_wconf 84' lang='lat'><strong>2.</strong></span> <span class='ocrx_word' id='word_1_59' title='bbox 1122 1391 1166 1457; x_wconf 76' lang='grc' dir='ltr'><strong>τα</strong></span> <span class='ocrx_word' id='word_1_60' title='bbox 1195 1392 1227 1456; x_wconf 73' lang='grc' dir='ltr'><strong>δὲ</strong></span> <span class='ocrx_word' id='word_1_61' title='bbox 1255 1391 1308 1455; x_wconf 79' lang='grc' dir='ltr'><em>καί</em></span> <span class='ocrx_word' id='word_1_62' title='bbox 1335 1392 1567 1474; x_wconf 68' lang='grc' dir='ltr'><strong>ἐξειργασμένα</strong></span> 
     </span>
     <span class='ocr_line' id='line_1_9' title="bbox 387 1494 1567 1592; baseline -0.014 -13"><span class='ocrx_word' id='word_1_63' title='bbox 387 1512 596 1578; x_wconf 86' lang='grc' dir='ltr'><em>κατελείπετο</em></span> <span class='ocrx_word' id='word_1_64' title='bbox 617 1506 767 1575; x_wconf 79' lang='lat' dir='ltr'><strong>scribitur</strong></span> <span class='ocrx_word' id='word_1_65' title='bbox 789 1504 872 1569; x_wconf 86' lang='lat' dir='ltr'><strong>male</strong></span> <span class='ocrx_word' id='word_1_66' title='bbox 895 1524 955 1592; x_wconf 92' lang='lat' dir='ltr'><strong>pro</strong></span> <span class='ocrx_word' id='word_1_67' title='bbox 975 1497 1216 1564; x_wconf 72' lang='grc' dir='ltr'><em>κατελέλειπτο.</em></span> <span class='ocrx_word' id='word_1_68' title='bbox 1252 1494 1307 1563; x_wconf 79' lang='lat' dir='ltr'><strong>lv,</strong></span> <span class='ocrx_word' id='word_1_69' title='bbox 1329 1500 1384 1563; x_wconf 87' lang='lat'><strong>23.</strong></span> <span class='ocrx_word' id='word_1_70' title='bbox 1407 1498 1567 1579; x_wconf 76' lang='grc' dir='ltr'><em>οίφικοριέ·</em></span> 
     </span>
     <span class='ocr_line' id='line_1_10' title="bbox 389 1602 1565 1693; baseline -0.011 -11"><span class='ocrx_word' id='word_1_71' title='bbox 389 1642 443 1683; x_wconf 93' lang='grc' dir='ltr'><strong>νων</strong></span> <span class='ocrx_word' id='word_1_72' title='bbox 465 1617 495 1681; x_wconf 80' lang='grc' dir='ltr'><strong>δὲ</strong></span> <span class='ocrx_word' id='word_1_73' title='bbox 519 1617 620 1679; x_wconf 80' lang='grc' dir='ltr'><em>αὐτῶν</em></span> <span class='ocrx_word' id='word_1_74' title='bbox 644 1612 797 1680; x_wconf 77' lang='grc' dir='ltr'><em>διελύοντο</em></span> <span class='ocrx_word' id='word_1_75' title='bbox 822 1609 909 1680; x_wconf 78' lang='grc' dir='ltr'><em>εὐθὺς</em></span> <span class='ocrx_word' id='word_1_76' title='bbox 935 1608 968 1672; x_wconf 82' lang='lat' dir='ltr'><strong>ai</strong></span> <span class='ocrx_word' id='word_1_77' title='bbox 993 1602 1126 1669; x_wconf 85' lang='grc' dir='ltr'><em>σπονδαί</em></span> <span class='ocrx_word' id='word_1_78' title='bbox 1132 1650 1141 1677; x_wconf 92' lang='grc'><strong>,</strong></span> <span class='ocrx_word' id='word_1_79' title='bbox 1161 1602 1271 1693; x_wconf 90' lang='lat' dir='ltr'><strong>inepte</strong></span> <span class='ocrx_word' id='word_1_80' title='bbox 1294 1625 1354 1692; x_wconf 90' lang='lat' dir='ltr'><strong>pro</strong></span> <span class='ocrx_word' id='word_1_81' title='bbox 1375 1602 1565 1669; x_wconf 83' lang='grc' dir='ltr'><em>διελέλυντο.</em></span> 
     </span>
     <span class='ocr_line' id='line_1_11' title="bbox 389 1705 1566 1794; baseline -0.014 -7"><span class='ocrx_word' id='word_1_82' title='bbox 389 1721 508 1789; x_wconf 83' lang='lat' dir='ltr'><strong>Contra</strong></span> <span class='ocrx_word' id='word_1_83' title='bbox 528 1719 584 1786; x_wconf 82' lang='lat' dir='ltr'><strong>lv.</strong></span> <span class='ocrx_word' id='word_1_84' title='bbox 607 1721 659 1783; x_wconf 83' lang='lat'><strong>47.</strong></span> <span class='ocrx_word' id='word_1_85' title='bbox 683 1719 721 1788; x_wconf 78' lang='grc' dir='ltr'><strong>ως</strong></span> <span class='ocrx_word' id='word_1_86' title='bbox 740 1716 772 1780; x_wconf 80' lang='grc' dir='ltr'><strong>δὲ</strong></span> <span class='ocrx_word' id='word_1_87' title='bbox 795 1713 979 1794; x_wconf 77' lang='grc' dir='ltr'><em>ἐλείφθησαν</em></span> <span class='ocrx_word' id='word_1_88' title='bbox 1002 1707 1150 1773; x_wconf 77' lang='grc' dir='ltr'><em>ε’λὲλνντύ</em></span> <span class='ocrx_word' id='word_1_89' title='bbox 1172 1732 1209 1773; x_wconf 90' lang='grc' dir='ltr'><strong>τε</strong></span> <span class='ocrx_word' id='word_1_90' title='bbox 1227 1709 1259 1773; x_wconf 86' lang='lat' dir='ltr'><strong>ai</strong></span> <span class='ocrx_word' id='word_1_91' title='bbox 1279 1705 1408 1773; x_wconf 76' lang='grc' dir='ltr'><em>σπονδαί</em></span> <span class='ocrx_word' id='word_1_92' title='bbox 1427 1707 1480 1772; x_wconf 80' lang='grc' dir='ltr'><em>καὶ</em></span> <span class='ocrx_word' id='word_1_93' title='bbox 1499 1731 1566 1771; x_wconf 87' lang='grc' dir='ltr'><em>πα-</em></span> 
     </span>
     <span class='ocr_line' id='line_1_12' title="bbox 386 1808 1565 1908; baseline -0.014 -17"><span class='ocrx_word' id='word_1_94' title='bbox 386 1826 538 1908; x_wconf 85' lang='grc' dir='ltr'><em>ρεδέδοντο</em></span> <span class='ocrx_word' id='word_1_95' title='bbox 564 1824 588 1887; x_wconf 86' lang='grc' dir='ltr'><strong>οί</strong></span> <span class='ocrx_word' id='word_1_96' title='bbox 615 1820 720 1901; x_wconf 79' lang='grc' dir='ltr'><em>ύνδρες</em></span> <span class='ocrx_word' id='word_1_97' title='bbox 742 1828 828 1883; x_wconf 90' lang='lat' dir='ltr'><strong>recte</strong></span> <span class='ocrx_word' id='word_1_98' title='bbox 850 1815 1013 1888; x_wconf 80' lang='grc' dir='ltr'><em>ἐλέλνντο,</em></span> <span class='ocrx_word' id='word_1_99' title='bbox 1048 1812 1103 1877; x_wconf 89' lang='lat' dir='ltr'><strong>sed</strong></span> <span class='ocrx_word' id='word_1_100' title='bbox 1132 1813 1332 1892; x_wconf 82' lang='grc' dir='ltr'><em>παρεδίδοντο</em></span> <span class='ocrx_word' id='word_1_101' title='bbox 1357 1833 1417 1902; x_wconf 92' lang='lat' dir='ltr'><strong>pro</strong></span> <span class='ocrx_word' id='word_1_102' title='bbox 1436 1808 1565 1890; x_wconf 82' lang='grc' dir='ltr'><em>παρεδί-</em></span> 
     </span>
     <span class='ocr_line' id='line_1_13' title="bbox 385 1914 1691 2017; baseline -0.015 -22"><span class='ocrx_word' id='word_1_103' title='bbox 385 1933 470 1997; x_wconf 89' lang='grc' dir='ltr'><em>δοντο</em></span> <span class='ocrx_word' id='word_1_104' title='bbox 491 1948 621 2017; x_wconf 84' lang='lat' dir='ltr'><strong>aegrum</strong></span> <span class='ocrx_word' id='word_1_105' title='bbox 643 1938 675 1992; x_wconf 91' lang='lat' dir='ltr'><strong>et</strong></span> <span class='ocrx_word' id='word_1_106' title='bbox 694 1924 843 1991; x_wconf 80' lang='lat' dir='ltr'><strong>vitiosum</strong></span> <span class='ocrx_word' id='word_1_107' title='bbox 868 1933 926 1986; x_wconf 89' lang='lat' dir='ltr'><strong>est.</strong></span> <span class='ocrx_word' id='word_1_108' title='bbox 974 1918 1014 1984; x_wconf 92' lang='lat' dir='ltr'><strong>Iu</strong></span> <span class='ocrx_word' id='word_1_109' title='bbox 1037 1918 1188 1985; x_wconf 80' lang='lat' dir='ltr'><strong>Luctstto</strong></span> <span class='ocrx_word' id='word_1_110' title='bbox 1213 1940 1344 2008; x_wconf 87' lang='lat' dir='ltr'><strong>quoque</strong></span> <span class='ocrx_word' id='word_1_111' title='bbox 1362 1939 1455 2005; x_wconf 86' lang='lat' dir='ltr'><strong>saepe</strong></span> <span class='ocrx_word' id='word_1_112' title='bbox 1473 1914 1562 1979; x_wconf 90' lang='lat' dir='ltr'><strong>idem</strong></span> <span class='ocrx_word' id='word_1_113' title='bbox 1687 2008 1691 2013; x_wconf 83' lang='lat'><strong>.</strong></span> 
     </span>
     <span class='ocr_line' id='line_1_14' title="bbox 388 2020 1666 2105; baseline -0.013 -5"><span class='ocrx_word' id='word_1_114' title='bbox 388 2032 578 2100; x_wconf 72' lang='lat' dir='ltr'><strong>observabis.</strong></span> <span class='ocrx_word' id='word_1_115' title='bbox 623 2029 875 2099; x_wconf 82' lang='lat' dir='ltr'><strong>contunduntur</strong></span> <span class='ocrx_word' id='word_1_116' title='bbox 902 2029 963 2105; x_wconf 87' lang='lat'><strong>26,</strong></span> <span class='ocrx_word' id='word_1_117' title='bbox 985 2031 1015 2091; x_wconf 88' lang='lat'><strong>5.</strong></span> <span class='ocrx_word' id='word_1_118' title='bbox 1043 2024 1269 2090; x_wconf 83' lang='grc' dir='ltr'><em>κατεπέπανπο</em></span> <span class='ocrx_word' id='word_1_119' title='bbox 1297 2037 1329 2090; x_wconf 92' lang='lat' dir='ltr'><strong>et</strong></span> <span class='ocrx_word' id='word_1_120' title='bbox 1350 2020 1565 2089; x_wconf 86' lang='grc' dir='ltr'><em>κατεπαύετο.</em></span> <span class='ocrx_word' id='word_1_121' title='bbox 1662 2020 1666 2026; x_wconf 88' lang='grc'><strong>’</strong></span> 
     </span>
     <span class='ocr_line' id='line_1_15' title="bbox 391 2125 1568 2218; baseline -0.014 -14"><span class='ocrx_word' id='word_1_122' title='bbox 391 2142 445 2217; x_wconf 91' lang='grc'><strong>27,</strong></span> <span class='ocrx_word' id='word_1_123' title='bbox 468 2142 497 2203; x_wconf 94' lang='grc'><strong>1.</strong></span> <span class='ocrx_word' id='word_1_124' title='bbox 520 2138 746 2218; x_wconf 82' lang='grc' dir='ltr'><em>οΞπονενέκρωτο</em></span> <span class='ocrx_word' id='word_1_125' title='bbox 775 2146 808 2200; x_wconf 88' lang='lat' dir='ltr'><strong>et</strong></span> <span class='ocrx_word' id='word_1_126' title='bbox 830 2135 1048 2211; x_wconf 68' lang='grc' dir='ltr'><em>ἀπενεκροῦτο.</em></span> <span class='ocrx_word' id='word_1_127' title='bbox 1086 2134 1149 2211; x_wconf 81' lang='lat'><strong>54,</strong></span> <span class='ocrx_word' id='word_1_128' title='bbox 1170 2134 1203 2195; x_wconf 84' lang='lat'><strong>3.</strong></span> <span class='ocrx_word' id='word_1_129' title='bbox 1227 2131 1370 2209; x_wconf 70' lang='grc' dir='ltr'><em>ἤγγελτο</em></span> <span class='ocrx_word' id='word_1_130' title='bbox 1391 2140 1424 2195; x_wconf 82' lang='lat' dir='ltr'><strong>et</strong></span> <span class='ocrx_word' id='word_1_131' title='bbox 1444 2125 1568 2204; x_wconf 61' lang='grc' dir='ltr'><em>ἠγγέλ-</em></span> 
     </span>
     <span class='ocr_line' id='line_1_16' title="bbox 387 2230 1566 2320; baseline -0.009 -13"><span class='ocrx_word' id='word_1_132' title='bbox 387 2256 472 2308; x_wconf 84' lang='grc' dir='ltr'><em>λετο.</em></span> <span class='ocrx_word' id='word_1_133' title='bbox 516 2239 626 2306; x_wconf 85' lang='lat' dir='ltr'><strong>Redeo</strong></span> <span class='ocrx_word' id='word_1_134' title='bbox 656 2240 696 2305; x_wconf 91' lang='lat' dir='ltr'><strong>ad</strong></span> <span class='ocrx_word' id='word_1_135' title='bbox 716 2237 970 2312; x_wconf 79' lang='lat' dir='ltr'><strong>Alexandrum,</strong></span> <span class='ocrx_word' id='word_1_136' title='bbox 1000 2234 1056 2299; x_wconf 91' lang='lat' dir='ltr'><strong>ubi</strong></span> <span class='ocrx_word' id='word_1_137' title='bbox 1078 2237 1095 2320; x_wconf 86' lang='lat'>§</span> <span class='ocrx_word' id='word_1_138' title='bbox 1118 2239 1172 2301; x_wconf 87' lang='lat'><strong>33.</strong></span> <span class='ocrx_word' id='word_1_139' title='bbox 1198 2236 1223 2301; x_wconf 86' lang='grc' dir='ltr'><strong>εί</strong></span> <span class='ocrx_word' id='word_1_140' title='bbox 1247 2234 1393 2308; x_wconf 80' lang='grc' dir='ltr'><em>τοιούτοις</em></span> <span class='ocrx_word' id='word_1_141' title='bbox 1416 2230 1566 2313; x_wconf 81' lang='grc' dir='ltr'><em>οίνύρωπί-</em></span> 
     </span>
     <span class='ocr_line' id='line_1_17' title="bbox 388 2337 1567 2429; baseline -0.008 -18"><span class='ocrx_word' id='word_1_142' title='bbox 388 2370 471 2418; x_wconf 82' lang='grc' dir='ltr'><em>σκοις</em></span> <span class='ocrx_word' id='word_1_143' title='bbox 496 2346 699 2427; x_wconf 73' lang='grc' dir='ltr'><em>ἐνδιατρίβειν</em></span> <span class='ocrx_word' id='word_1_144' title='bbox 725 2345 824 2429; x_wconf 77' lang='grc' dir='ltr'><strong>ἠξίου,</strong></span> <span class='ocrx_word' id='word_1_145' title='bbox 858 2363 969 2409; x_wconf 81' lang='lat' dir='ltr'><strong>rereor</strong></span> <span class='ocrx_word' id='word_1_146' title='bbox 998 2351 1034 2407; x_wconf 90' lang='lat' dir='ltr'><strong>ut</strong></span> <span class='ocrx_word' id='word_1_147' title='bbox 1057 2340 1116 2405; x_wconf 87' lang='lat' dir='ltr'><strong>riri</strong></span> <span class='ocrx_word' id='word_1_148' title='bbox 1140 2340 1229 2405; x_wconf 86' lang='lat' dir='ltr'><strong>docti</strong></span> <span class='ocrx_word' id='word_1_149' title='bbox 1248 2339 1327 2405; x_wconf 89' lang='lat' dir='ltr'><strong>haec</strong></span> <span class='ocrx_word' id='word_1_150' title='bbox 1347 2339 1443 2407; x_wconf 78' lang='lat' dir='ltr'><strong>rerba</strong></span> <span class='ocrx_word' id='word_1_151' title='bbox 1468 2337 1567 2405; x_wconf 90' lang='lat' dir='ltr'><strong>intel·</strong></span> 
     </span>
     <span class='ocr_line' id='line_1_18' title="bbox 386 2448 1567 2531; baseline -0.005 -14"><span class='ocrx_word' id='word_1_152' title='bbox 386 2451 541 2531; x_wconf 82' lang='lat' dir='ltr'><strong>lexerint3</strong></span> <span class='ocrx_word' id='word_1_153' title='bbox 573 2463 716 2517; x_wconf 77' lang='lat' dir='ltr'><strong>vertunt:</strong></span> <span class='ocrx_word' id='word_1_154' title='bbox 750 2454 784 2515; x_wconf 83' lang='lat' dir='ltr'><strong>si</strong></span> <span class='ocrx_word' id='word_1_155' title='bbox 811 2451 898 2514; x_wconf 79' lang='lat' dir='ltr'><strong>tales</strong></span> <span class='ocrx_word' id='word_1_156' title='bbox 922 2452 1014 2512; x_wconf 82' lang='lat' dir='ltr'><strong>inter</strong></span> <span class='ocrx_word' id='word_1_157' title='bbox 1036 2448 1266 2513; x_wconf 80' lang='lat' dir='ltr'><strong>homunciones</strong></span> <span class='ocrx_word' id='word_1_158' title='bbox 1285 2450 1423 2511; x_wconf 87' lang='lat' dir='ltr'><strong>versari</strong></span> <span class='ocrx_word' id='word_1_159' title='bbox 1440 2448 1567 2525; x_wconf 79' lang='lat' dir='ltr'><strong>voluit,</strong></span> 
     </span>
     <span class='ocr_line' id='line_1_19' title="bbox 386 2537 1567 2647; baseline -0.004 -26"><span class='ocrx_word' id='word_1_160' title='bbox 386 2556 478 2647; x_wconf 88' lang='lat' dir='ltr'><strong>quasi</strong></span> <span class='ocrx_word' id='word_1_161' title='bbox 499 2578 570 2622; x_wconf 80' lang='lat' dir='ltr'><strong>vero</strong></span> <span class='ocrx_word' id='word_1_162' title='bbox 591 2580 628 2622; x_wconf 88' lang='lat' dir='ltr'><strong>ea</strong></span> <span class='ocrx_word' id='word_1_163' title='bbox 648 2578 698 2621; x_wconf 89' lang='lat' dir='ltr'><strong>res</strong></span> <span class='ocrx_word' id='word_1_164' title='bbox 719 2554 842 2645; x_wconf 89' lang='lat' dir='ltr'><strong>aliquid</strong></span> <span class='ocrx_word' id='word_1_165' title='bbox 863 2552 981 2619; x_wconf 87' lang='lat' dir='ltr'><strong>habeat</strong></span> <span class='ocrx_word' id='word_1_166' title='bbox 1006 2537 1116 2618; x_wconf 86' lang='lat' dir='ltr'><strong>reniae</strong></span> <span class='ocrx_word' id='word_1_167' title='bbox 1138 2564 1171 2617; x_wconf 88' lang='lat' dir='ltr'><strong>et</strong></span> <span class='ocrx_word' id='word_1_168' title='bbox 1191 2551 1417 2631; x_wconf 78' lang='lat' dir='ltr'><strong>excusationis,</strong></span> <span class='ocrx_word' id='word_1_169' title='bbox 1448 2551 1567 2643; x_wconf 86' lang='lat' dir='ltr'><strong>siquis</strong></span> 
     </span>
     <span class='ocr_line' id='line_1_20' title="bbox 385 2657 1567 2748; baseline -0.002 -23"><span class='ocrx_word' id='word_1_170' title='bbox 385 2681 459 2726; x_wconf 89' lang='lat' dir='ltr'><strong>cum</strong></span> <span class='ocrx_word' id='word_1_171' title='bbox 482 2660 667 2727; x_wconf 88' lang='lat' dir='ltr'><strong>homiuibus</strong></span> <span class='ocrx_word' id='word_1_172' title='bbox 689 2662 827 2726; x_wconf 80' lang='lat' dir='ltr'><strong>inficetis</strong></span> <span class='ocrx_word' id='word_1_173' title='bbox 848 2671 881 2725; x_wconf 82' lang='lat' dir='ltr'><strong>ct</strong></span> <span class='ocrx_word' id='word_1_174' title='bbox 900 2659 1007 2725; x_wconf 86' lang='lat' dir='ltr'><strong>stultis</strong></span> <span class='ocrx_word' id='word_1_175' title='bbox 1026 2657 1104 2723; x_wconf 79' lang='lat' dir='ltr'><strong>velit</strong></span> <span class='ocrx_word' id='word_1_176' title='bbox 1125 2670 1261 2724; x_wconf 87' lang='lat' dir='ltr'><strong>aetatem</strong></span> <span class='ocrx_word' id='word_1_177' title='bbox 1282 2682 1384 2748; x_wconf 73' lang='lat' dir='ltr'><strong>agere.</strong></span> <span class='ocrx_word' id='word_1_178' title='bbox 1417 2657 1567 2739; x_wconf 81' lang='grc' dir='ltr'><em>ἐνδιατρί-</em></span> 
     </span>
     <span class='ocr_line' id='line_1_21' title="bbox 384 2762 1566 2856; baseline -0.003 -23"><span class='ocrx_word' id='word_1_179' title='bbox 384 2768 455 2846; x_wconf 81' lang='grc' dir='ltr'><em>βειν</em></span> <span class='ocrx_word' id='word_1_180' title='bbox 477 2766 537 2831; x_wconf 91' lang='grc' dir='ltr'><em>τινί</em></span> <span class='ocrx_word' id='word_1_181' title='bbox 557 2778 603 2832; x_wconf 84' lang='lat' dir='ltr'><strong>est</strong></span> <span class='ocrx_word' id='word_1_182' title='bbox 622 2769 769 2856; x_wconf 82' lang='lat' dir='ltr'><strong>aliquem</strong></span> <span class='ocrx_word' id='word_1_183' title='bbox 788 2763 979 2851; x_wconf 71' lang='lat' dir='ltr'><strong>laobfimri,</strong></span> <span class='ocrx_word' id='word_1_184' title='bbox 1003 2762 1168 2829; x_wconf 89' lang='lat' dir='ltr'><strong>hominem</strong></span> <span class='ocrx_word' id='word_1_185' title='bbox 1189 2763 1337 2830; x_wconf 84' lang='lat' dir='ltr'><strong>hebetem</strong></span> <span class='ocrx_word' id='word_1_186' title='bbox 1358 2777 1390 2830; x_wconf 89' lang='lat' dir='ltr'><strong>et</strong></span> <span class='ocrx_word' id='word_1_187' title='bbox 1408 2764 1566 2830; x_wconf 86' lang='lat' dir='ltr'><strong>insulsum</strong></span> 
     </span>
     <span class='ocr_line' id='line_1_22' title="bbox 388 2870 1569 2962; baseline 0.001 -25"><span class='ocrx_word' id='word_1_188' title='bbox 388 2883 420 2937; x_wconf 86' lang='lat' dir='ltr'><strong>et</strong></span> <span class='ocrx_word' id='word_1_189' title='bbox 440 2871 602 2961; x_wconf 87' lang='lat' dir='ltr'><strong>stupidum</strong></span> <span class='ocrx_word' id='word_1_190' title='bbox 622 2875 720 2939; x_wconf 84' lang='lat' dir='ltr'><strong>ludos</strong></span> <span class='ocrx_word' id='word_1_191' title='bbox 736 2874 1026 2962; x_wconf 71' lang='lat' dir='ltr'><strong>iocosqaefncere.</strong></span> <span class='ocrx_word' id='word_1_192' title='bbox 1056 2870 1180 2935; x_wconf 86' lang='lat' dir='ltr'><strong>Eodem</strong></span> <span class='ocrx_word' id='word_1_193' title='bbox 1197 2893 1291 2937; x_wconf 91' lang='lat' dir='ltr'><strong>seusu</strong></span> <span class='ocrx_word' id='word_1_194' title='bbox 1308 2870 1425 2960; x_wconf 78' lang='lat' dir='ltr'><strong>legitur</strong></span> <span class='ocrx_word' id='word_1_195' title='bbox 1443 2876 1502 2948; x_wconf 77' lang='lat'><strong>58,</strong></span> <span class='ocrx_word' id='word_1_196' title='bbox 1513 2872 1569 2938; x_wconf 85' lang='lat'><strong>26.</strong></span> 
     </span>
     <span class='ocr_line' id='line_1_23' title="bbox 385 2974 1564 3057; baseline -0.003 -15"><span class='ocrx_word' id='word_1_197' title='bbox 385 2976 497 3043; x_wconf 84' lang='grc' dir='ltr'><em>κωλύει</em></span> <span class='ocrx_word' id='word_1_198' title='bbox 521 2976 583 3057; x_wconf 73' lang='grc' dir='ltr'><em>γαρ</em></span> <span class='ocrx_word' id='word_1_199' title='bbox 606 2976 796 3054; x_wconf 63' lang='lat' dir='ltr'><strong>alienissimi</strong></span> <span class='ocrx_word' id='word_1_200' title='bbox 818 3000 863 3040; x_wconf 89' lang='grc' dir='ltr'><em>τοι</em></span> <span class='ocrx_word' id='word_1_201' title='bbox 890 2975 1094 3056; x_wconf 80' lang='grc' dir='ltr'><em>ἐνδιατρίβειν</em></span> <span class='ocrx_word' id='word_1_202' title='bbox 1123 2977 1229 3051; x_wconf 72' lang='grc' dir='ltr'><em>ἐπειδὴ</em></span> <span class='ocrx_word' id='word_1_203' title='bbox 1252 2976 1376 3057; x_wconf 80' lang='grc' dir='ltr'><em>χαίρεις</em></span> <span class='ocrx_word' id='word_1_204' title='bbox 1397 2974 1564 3053; x_wconf 78' lang='grc' dir='ltr'><em>ἐξαπατύ-</em></span> 
     </span>
     <span class='ocr_line' id='line_1_24' title="bbox 384 3078 1563 3161; baseline -0.003 -14"><span class='ocrx_word' id='word_1_205' title='bbox 384 3105 487 3161; x_wconf 76' lang='grc' dir='ltr'><em>μενοο.</em></span> <span class='ocrx_word' id='word_1_206' title='bbox 536 3078 693 3145; x_wconf 88' lang='lat' dir='ltr'><strong>Similiter</strong></span> <span class='ocrx_word' id='word_1_207' title='bbox 721 3082 946 3147; x_wconf 76' lang='lat' dir='ltr'><strong>Puuuacuus</strong></span> <span class='ocrx_word' id='word_1_208' title='bbox 967 3080 1001 3143; x_wconf 92' lang='lat' dir='ltr'><strong>iu</strong></span> <span class='ocrx_word' id='word_1_209' title='bbox 1021 3079 1156 3143; x_wconf 76' lang='lat' dir='ltr'><strong>Pericle</strong></span> <span class='ocrx_word' id='word_1_210' title='bbox 1180 3102 1208 3145; x_wconf 92' lang='lat' dir='ltr'><strong>c.</strong></span> <span class='ocrx_word' id='word_1_211' title='bbox 1230 3082 1260 3145; x_wconf 91' lang='lat'><strong>4.</strong></span> <span class='ocrx_word' id='word_1_212' title='bbox 1287 3080 1398 3145; x_wconf 85' lang='lat' dir='ltr'><strong>scribit</strong></span> <span class='ocrx_word' id='word_1_213' title='bbox 1417 3078 1563 3160; x_wconf 80' lang='grc' dir='ltr'><em>παρέσχε</em></span> 
     </span>
     <span class='ocr_line' id='line_1_25' title="bbox 386 3182 1564 3266; baseline -0.003 -14"><span class='ocrx_word' id='word_1_214' title='bbox 386 3195 451 3257; x_wconf 79' lang='grc' dir='ltr'><em>τοῖς</em></span> <span class='ocrx_word' id='word_1_215' title='bbox 484 3194 630 3262; x_wconf 77' lang='grc' dir='ltr'><em>κωμικοῖς</em></span> <span class='ocrx_word' id='word_1_216' title='bbox 660 3186 822 3266; x_wconf 71' lang='grc' dir='ltr'><em>διατριβήν</em></span> <span class='ocrx_word' id='word_1_217' title='bbox 851 3185 873 3251; x_wconf 92' lang='lat' dir='ltr'><strong>i.</strong></span> <span class='ocrx_word' id='word_1_218' title='bbox 894 3208 922 3250; x_wconf 90' lang='lat' dir='ltr'><strong>e.</strong></span> <span class='ocrx_word' id='word_1_219' title='bbox 952 3188 1126 3249; x_wconf 82' lang='lat' dir='ltr'><strong>materiem</strong></span> <span class='ocrx_word' id='word_1_220' title='bbox 1155 3185 1293 3249; x_wconf 84' lang='lat' dir='ltr'><strong>iocandi</strong></span> <span class='ocrx_word' id='word_1_221' title='bbox 1318 3194 1352 3250; x_wconf 83' lang='lat' dir='ltr'><strong>et</strong></span> <span class='ocrx_word' id='word_1_222' title='bbox 1380 3182 1564 3258; x_wconf 82' lang='lat' dir='ltr'><strong>irridendi.</strong></span> 
     </span>
     <span class='ocr_line' id='line_1_26' title="bbox 386 3272 1563 3382; baseline -0.002 -27"><span class='ocrx_word' id='word_1_223' title='bbox 386 3288 426 3355; x_wconf 90' lang='lat' dir='ltr'><strong>Iu</strong></span> <span class='ocrx_word' id='word_1_224' title='bbox 447 3292 465 3375; x_wconf 83' lang='lat'>§</span> <span class='ocrx_word' id='word_1_225' title='bbox 489 3292 541 3355; x_wconf 88' lang='grc'><strong>36.</strong></span> <span class='ocrx_word' id='word_1_226' title='bbox 565 3272 599 3354; x_wconf 74' lang='grc' dir='ltr'><em>τί</em></span> <span class='ocrx_word' id='word_1_227' title='bbox 624 3290 650 3354; x_wconf 88' lang='grc' dir='ltr'><strong>δ’</strong></span> <span class='ocrx_word' id='word_1_228' title='bbox 668 3289 699 3361; x_wconf 78' lang='grc' dir='ltr'><strong>ἐς</strong></span> <span class='ocrx_word' id='word_1_229' title='bbox 725 3288 901 3355; x_wconf 87' lang='grc' dir='ltr'><em>πούναντίον</em></span> <span class='ocrx_word' id='word_1_230' title='bbox 922 3299 988 3361; x_wconf 77' lang='grc' dir='ltr'><em>τοῖς</em></span> <span class='ocrx_word' id='word_1_231' title='bbox 1012 3287 1151 3361; x_wconf 81' lang='grc' dir='ltr'><em>πλείςοιο</em></span> <span class='ocrx_word' id='word_1_232' title='bbox 1176 3290 1362 3382; x_wconf 85' lang='grc' dir='ltr'><em>προύχιίρει,</em></span> <span class='ocrx_word' id='word_1_233' title='bbox 1395 3288 1509 3353; x_wconf 82' lang='lat' dir='ltr'><strong>Graeci</strong></span> <span class='ocrx_word' id='word_1_234' title='bbox 1526 3287 1563 3353; x_wconf 88' lang='lat' dir='ltr'><strong>iu</strong></span> 
     </span>
     <span class='ocr_line' id='line_1_27' title="bbox 353 3394 1562 3484; baseline 0.005 -29"><span class='ocrx_word' id='word_1_235' title='bbox 353 3450 355 3455; x_wconf 83' lang='lat'><strong>.</strong></span> <span class='ocrx_word' id='word_1_236' title='bbox 386 3417 423 3460; x_wconf 84' lang='lat' dir='ltr'><strong>eu</strong></span> <span class='ocrx_word' id='word_1_237' title='bbox 453 3418 488 3461; x_wconf 90' lang='lat' dir='ltr'><strong>re</strong></span> <span class='ocrx_word' id='word_1_238' title='bbox 518 3394 631 3459; x_wconf 81' lang='lat' dir='ltr'><strong>dicunt</strong></span> <span class='ocrx_word' id='word_1_239' title='bbox 660 3395 849 3475; x_wconf 76' lang='grc' dir='ltr'><em>περιελθεῖν,</em></span> <span class='ocrx_word' id='word_1_240' title='bbox 874 3403 1037 3479; x_wconf 77' lang='grc' dir='ltr'><em>περιςῆναι</em></span> <span class='ocrx_word' id='word_1_241' title='bbox 1069 3405 1102 3459; x_wconf 85' lang='lat' dir='ltr'><strong>et</strong></span> <span class='ocrx_word' id='word_1_242' title='bbox 1132 3398 1313 3476; x_wconf 83' lang='grc' dir='ltr'><em>περιεχύρει</em></span> <span class='ocrx_word' id='word_1_243' title='bbox 1335 3394 1562 3484; x_wconf 79' lang='lat' dir='ltr'><strong>corrigendum</strong></span> 
     </span>
     <span class='ocr_line' id='line_1_28' title="bbox 386 3498 1565 3589; baseline -0.001 -23"><span class='ocrx_word' id='word_1_244' title='bbox 386 3512 444 3567; x_wconf 89' lang='lat' dir='ltr'><strong>est.</strong></span> <span class='ocrx_word' id='word_1_245' title='bbox 478 3507 495 3588; x_wconf 87' lang='lat'>§</span> <span class='ocrx_word' id='word_1_246' title='bbox 518 3505 571 3566; x_wconf 91' lang='grc'><strong>39.</strong></span> <span class='ocrx_word' id='word_1_247' title='bbox 596 3502 621 3564; x_wconf 89' lang='lat' dir='ltr'><strong>oi</strong></span> <span class='ocrx_word' id='word_1_248' title='bbox 644 3499 799 3580; x_wconf 84' lang='grc' dir='ltr'><em>Καίσαρος</em></span> <span class='ocrx_word' id='word_1_249' title='bbox 825 3500 973 3579; x_wconf 85' lang='grc' dir='ltr'><em>οίκονύριοι</em></span> <span class='ocrx_word' id='word_1_250' title='bbox 994 3523 1061 3566; x_wconf 90' lang='lat' dir='ltr'><strong>nou</strong></span> <span class='ocrx_word' id='word_1_251' title='bbox 1080 3510 1156 3564; x_wconf 89' lang='lat' dir='ltr'><strong>suut</strong></span> <span class='ocrx_word' id='word_1_252' title='bbox 1175 3500 1427 3589; x_wconf 73' lang='lat' dir='ltr'><strong>dispensatores</strong></span> <span class='ocrx_word' id='word_1_253' title='bbox 1447 3498 1565 3566; x_wconf 83' lang='lat' dir='ltr'><strong>Caesa-</strong></span> 
     </span>
     <span class='ocr_line' id='line_1_29' title="bbox 388 3602 1565 3697; baseline -0.001 -25"><span class='ocrx_word' id='word_1_254' title='bbox 388 3606 446 3685; x_wconf 90' lang='lat' dir='ltr'><strong>ris,</strong></span> <span class='ocrx_word' id='word_1_255' title='bbox 464 3606 519 3672; x_wconf 90' lang='lat' dir='ltr'><strong>sed</strong></span> <span class='ocrx_word' id='word_1_256' title='bbox 532 3602 785 3697; x_wconf 82' lang='lat' dir='ltr'><strong>procuratores.</strong></span> <span class='ocrx_word' id='word_1_257' title='bbox 827 3608 844 3691; x_wconf 83' lang='lat'>§</span> <span class='ocrx_word' id='word_1_258' title='bbox 867 3610 919 3672; x_wconf 92' lang='grc'><strong>49.</strong></span> <span class='ocrx_word' id='word_1_259' title='bbox 944 3604 1107 3687; x_wconf 78' lang='grc' dir='ltr'><em>ἑκοίτεροετ</em></span> <span class='ocrx_word' id='word_1_260' title='bbox 1131 3604 1239 3695; x_wconf 89' lang='lat' dir='ltr'><strong>plures</strong></span> <span class='ocrx_word' id='word_1_261' title='bbox 1260 3628 1358 3695; x_wconf 87' lang='lat' dir='ltr'><strong>quam</strong></span> <span class='ocrx_word' id='word_1_262' title='bbox 1382 3606 1448 3672; x_wconf 86' lang='lat' dir='ltr'><strong>dno</strong></span> <span class='ocrx_word' id='word_1_263' title='bbox 1467 3606 1565 3671; x_wconf 81' lang='lat' dir='ltr'><strong>inisse</strong></span> 
     </span>
     <span class='ocr_line' id='line_1_30' title="bbox 388 3709 1270 3803; baseline 0.002 -27"><span class='ocrx_word' id='word_1_264' title='bbox 388 3734 488 3803; x_wconf 90' lang='lat' dir='ltr'><strong>quum</strong></span> <span class='ocrx_word' id='word_1_265' title='bbox 510 3713 550 3777; x_wconf 89' lang='lat' dir='ltr'><strong>sit</strong></span> <span class='ocrx_word' id='word_1_266' title='bbox 568 3713 644 3801; x_wconf 13' lang='lat' dir='ltr'><strong>&#39;satis</strong></span> <span class='ocrx_word' id='word_1_267' title='bbox 666 3710 730 3777; x_wconf 87' lang='lat' dir='ltr'><strong>reri</strong></span> <span class='ocrx_word' id='word_1_268' title='bbox 752 3711 855 3777; x_wconf 90' lang='lat' dir='ltr'><strong>simile</strong></span> <span class='ocrx_word' id='word_1_269' title='bbox 875 3709 987 3782; x_wconf 78' lang='grc' dir='ltr'><em>ἕκαςος</em></span> <span class='ocrx_word' id='word_1_270' title='bbox 1008 3711 1180 3801; x_wconf 83' lang='lat' dir='ltr'><strong>legendum</strong></span> <span class='ocrx_word' id='word_1_271' title='bbox 1201 3713 1270 3778; x_wconf 89' lang='lat' dir='ltr'><strong>erit.</strong></span> 
     </span>
     <span class='ocr_line' id='line_1_31' title="bbox 434 3816 1565 3910; baseline 0.001 -28"><span class='ocrx_word' id='word_1_272' title='bbox 434 3816 473 3883; x_wconf 87' lang='lat' dir='ltr'><strong>In</strong></span> <span class='ocrx_word' id='word_1_273' title='bbox 503 3819 617 3884; x_wconf 87' lang='lat' dir='ltr'><strong>libello</strong></span> <span class='ocrx_word' id='word_1_274' title='bbox 646 3817 714 3898; x_wconf 78' lang='lat' dir='ltr'><strong>napi</strong></span> <span class='ocrx_word' id='word_1_275' title='bbox 738 3819 895 3898; x_wconf 79' lang='grc' dir='ltr'><em>ύρχιίτεως</em></span> <span class='ocrx_word' id='word_1_276' title='bbox 917 3822 976 3896; x_wconf 89' lang='grc'><strong>33,</strong></span> <span class='ocrx_word' id='word_1_277' title='bbox 998 3824 1027 3885; x_wconf 84' lang='grc'><strong>8.</strong></span> <span class='ocrx_word' id='word_1_278' title='bbox 1057 3821 1111 3883; x_wconf 88' lang='grc' dir='ltr'><strong>ούκ</strong></span> <span class='ocrx_word' id='word_1_279' title='bbox 1135 3819 1287 3898; x_wconf 75' lang='grc' dir='ltr'><em>αἰσχῦναι</em></span> <span class='ocrx_word' id='word_1_280' title='bbox 1310 3819 1379 3910; x_wconf 76' lang='lat' dir='ltr'><strong>lege</strong></span> <span class='ocrx_word' id='word_1_281' title='bbox 1398 3821 1430 3884; x_wconf 88' lang='grc' dir='ltr'><strong>ού</strong></span> <span class='ocrx_word' id='word_1_282' title='bbox 1451 3840 1565 3883; x_wconf 84' lang='grc' dir='ltr'><em>καται-</em></span> 
     </span>
     <span class='ocr_line' id='line_1_32' title="bbox 387 3922 1563 4010; baseline 0 -22"><span class='ocrx_word' id='word_1_283' title='bbox 387 3929 516 4003; x_wconf 84' lang='grc' dir='ltr'><em>τχύναι.</em></span> <span class='ocrx_word' id='word_1_284' title='bbox 543 3926 605 4010; x_wconf 86' lang='lat'><strong>§9.</strong></span> <span class='ocrx_word' id='word_1_285' title='bbox 629 3925 685 3998; x_wconf 75' lang='lat' dir='ltr'><strong>ria</strong></span> <span class='ocrx_word' id='word_1_286' title='bbox 699 3923 795 3987; x_wconf 86' lang='grc' dir='ltr'><em>Ἴλιον</em></span> <span class='ocrx_word' id='word_1_287' title='bbox 808 3924 934 3988; x_wconf 82' lang='grc' dir='ltr'><em>καίείλε</em></span> <span class='ocrx_word' id='word_1_288' title='bbox 950 3923 1003 3987; x_wconf 79' lang='grc' dir='ltr'><em>καί</em></span> <span class='ocrx_word' id='word_1_289' title='bbox 1014 3922 1189 4004; x_wconf 67' lang='grc' dir='ltr'><em>εἰαέδαφος</em></span> <span class='ocrx_word' id='word_1_290' title='bbox 1206 3924 1408 4006; x_wconf 82' lang='grc' dir='ltr'><em>κατέρριψεν,</em></span> <span class='ocrx_word' id='word_1_291' title='bbox 1427 3922 1563 3989; x_wconf 88' lang='lat' dir='ltr'><strong>emenda</strong></span> 
     </span>
     <span class='ocr_line' id='line_1_33' title="bbox 386 4014 1565 4117; baseline 0 -24"><span class='ocrx_word' id='word_1_292' title='bbox 386 4025 453 4093; x_wconf 82' lang='grc' dir='ltr'><em>εἷλε</em></span> <span class='ocrx_word' id='word_1_293' title='bbox 476 4029 529 4093; x_wconf 79' lang='grc' dir='ltr'><em>καί</em></span> <span class='ocrx_word' id='word_1_294' title='bbox 550 4031 593 4101; x_wconf 78' lang='grc' dir='ltr'><strong>εἰς</strong></span> <span class='ocrx_word' id='word_1_295' title='bbox 618 4028 734 4108; x_wconf 77' lang='grc' dir='ltr'><em>ἔδαφος</em></span> <span class='ocrx_word' id='word_1_296' title='bbox 758 4027 960 4107; x_wconf 82' lang='grc' dir='ltr'><em>καπνίρειψεν.</em></span> <span class='ocrx_word' id='word_1_297' title='bbox 986 4014 1179 4117; x_wconf 70' lang='lat' dir='ltr'><strong>Saepissime</strong></span> <span class='ocrx_word' id='word_1_298' title='bbox 1197 4030 1370 4109; x_wconf 75' lang='grc' dir='ltr'><em>κατερείπει</em></span> <span class='ocrx_word' id='word_1_299' title='bbox 1391 4041 1424 4093; x_wconf 90' lang='lat' dir='ltr'><strong>et</strong></span> <span class='ocrx_word' id='word_1_300' title='bbox 1443 4052 1565 4110; x_wconf 88' lang='grc' dir='ltr'><em>καταρ·</em></span> 
     </span>
     <span class='ocr_line' id='line_1_34' title="bbox 321 4116 1563 4222; baseline 0.002 -27"><span class='ocrx_word' id='word_1_301' title='bbox 321 4132 331 4151; x_wconf 83' lang='grc'><em>“</em></span> <span class='ocrx_word' id='word_1_302' title='bbox 387 4131 484 4213; x_wconf 84' lang='grc' dir='ltr'><em>ρίπτω</em></span> <span class='ocrx_word' id='word_1_303' title='bbox 507 4131 716 4221; x_wconf 81' lang='grc' dir='ltr'><em>(καταρίπτω)</em></span> <span class='ocrx_word' id='word_1_304' title='bbox 736 4130 801 4196; x_wconf 84' lang='lat' dir='ltr'><strong>ridi</strong></span> <span class='ocrx_word' id='word_1_305' title='bbox 819 4130 903 4196; x_wconf 90' lang='lat' dir='ltr'><strong>inter</strong></span> <span class='ocrx_word' id='word_1_306' title='bbox 920 4154 954 4196; x_wconf 89' lang='lat' dir='ltr'><strong>se</strong></span> <span class='ocrx_word' id='word_1_307' title='bbox 968 4116 1160 4222; x_wconf 85' lang='lat' dir='ltr'><strong>permutari,</strong></span> <span class='ocrx_word' id='word_1_308' title='bbox 1171 4144 1204 4197; x_wconf 93' lang='lat' dir='ltr'><strong>et</strong></span> <span class='ocrx_word' id='word_1_309' title='bbox 1219 4132 1431 4213; x_wconf 82' lang='grc' dir='ltr'><em>κατέρριμμαι</em></span> <span class='ocrx_word' id='word_1_310' title='bbox 1446 4165 1494 4183; x_wconf 57' lang='grc' dir='ltr'><em>-ε</em></span> <span class='ocrx_word' id='word_1_311' title='bbox 1505 4157 1563 4197; x_wconf 85' lang='grc' dir='ltr'><em>κα-</em></span> 
     </span>
     <span class='ocr_line' id='line_1_35' title="bbox 385 4236 1560 4327; baseline 0.001 -26"><span class='ocrx_word' id='word_1_312' title='bbox 385 4237 575 4319; x_wconf 80' lang='grc' dir='ltr'><em>τερύριριμαι</em></span> <span class='ocrx_word' id='word_1_313' title='bbox 607 4240 759 4327; x_wconf 77' lang='lat' dir='ltr'><strong>(namque</strong></span> <span class='ocrx_word' id='word_1_314' title='bbox 786 4236 830 4303; x_wconf 86' lang='lat' dir='ltr'><strong>sic</strong></span> <span class='ocrx_word' id='word_1_315' title='bbox 858 4236 979 4326; x_wconf 93' lang='lat' dir='ltr'><strong>ubique</strong></span> <span class='ocrx_word' id='word_1_316' title='bbox 1007 4237 1230 4317; x_wconf 87' lang='lat' dir='ltr'><strong>scribendum,</strong></span> <span class='ocrx_word' id='word_1_317' title='bbox 1264 4253 1299 4304; x_wconf 91' lang='lat' dir='ltr'><strong>ut</strong></span> <span class='ocrx_word' id='word_1_318' title='bbox 1319 4238 1560 4317; x_wconf 76' lang='grc' dir='ltr'><em>ἐξαλήλιμροαι,</em></span> 
     </span>
     <span class='ocr_line' id='line_1_36' title="bbox 280 4343 1562 4429; baseline 0 -22"><span class='ocrx_word' id='word_1_319' title='bbox 280 4346 286 4353; x_wconf 87' lang='grc'><em>“</em></span> <span class='ocrx_word' id='word_1_320' title='bbox 384 4364 450 4408; x_wconf 89' lang='lat' dir='ltr'><strong>non</strong></span> <span class='ocrx_word' id='word_1_321' title='bbox 471 4345 732 4429; x_wconf 75' lang='grc' dir='ltr'><em>κατερύρειριρααι)</em></span> <span class='ocrx_word' id='word_1_322' title='bbox 755 4343 1320 4427; x_wconf 71' lang='grc' dir='ltr'><em>τίκατνρείφύην-κατερρίφύην,</em></span> <span class='ocrx_word' id='word_1_323' title='bbox 1357 4346 1450 4428; x_wconf 58' lang='lat'><strong>§22</strong></span> <span class='ocrx_word' id='word_1_324' title='bbox 1478 4344 1562 4420; x_wconf 77' lang='grc' dir='ltr'><em>μήτε</em></span> 
     </span>
     <span class='ocr_line' id='line_1_37' title="bbox 386 4445 1565 4530; baseline -0.002 -17"><span class='ocrx_word' id='word_1_325' title='bbox 386 4449 443 4523; x_wconf 74' lang='lat' dir='ltr'><strong>rim</strong></span> <span class='ocrx_word' id='word_1_326' title='bbox 463 4456 590 4523; x_wconf 73' lang='grc' dir='ltr'><em>λεοντῆν</em></span> <span class='ocrx_word' id='word_1_327' title='bbox 607 4448 757 4520; x_wconf 76' lang='grc' dir='ltr'><em>αἱδεούείο</em></span> <span class='ocrx_word' id='word_1_328' title='bbox 775 4448 858 4526; x_wconf 71' lang='grc' dir='ltr'><em>μήτε</em></span> <span class='ocrx_word' id='word_1_329' title='bbox 872 4447 907 4511; x_wconf 82' lang='grc' dir='ltr'><em>τὸ</em></span> <span class='ocrx_word' id='word_1_330' title='bbox 922 4447 1074 4529; x_wconf 80' lang='grc' dir='ltr'><em>ῥόπαλον,</em></span> <span class='ocrx_word' id='word_1_331' title='bbox 1092 4445 1292 4530; x_wconf 79' lang='grc' dir='ltr'><em>ύπερίκειται</em></span> <span class='ocrx_word' id='word_1_332' title='bbox 1313 4448 1448 4515; x_wconf 86' lang='lat' dir='ltr'><strong>absurda</strong></span> <span class='ocrx_word' id='word_1_333' title='bbox 1468 4447 1565 4513; x_wconf 90' lang='lat' dir='ltr'><strong>lectio</strong></span> 
     </span>
     <span class='ocr_line' id='line_1_38' title="bbox 386 4550 1568 4646; baseline 0 -27"><span class='ocrx_word' id='word_1_334' title='bbox 386 4554 631 4646; x_wconf 82' lang='lat' dir='ltr'><strong>transpositione</strong></span> <span class='ocrx_word' id='word_1_335' title='bbox 651 4550 878 4644; x_wconf 68' lang='lat' dir='ltr'><strong>sanari&#39;potest</strong></span> <span class='ocrx_word' id='word_1_336' title='bbox 896 4550 930 4627; x_wconf 81' lang='grc' dir='ltr'><strong>ἣν</strong></span> <span class='ocrx_word' id='word_1_337' title='bbox 952 4554 1125 4637; x_wconf 87' lang='grc' dir='ltr'><em>περίκειται</em></span> <span class='ocrx_word' id='word_1_338' title='bbox 1148 4556 1235 4635; x_wconf 78' lang='grc' dir='ltr'><em>μήτε</em></span> <span class='ocrx_word' id='word_1_339' title='bbox 1249 4557 1284 4621; x_wconf 76' lang='grc' dir='ltr'><em>τὸ</em></span> <span class='ocrx_word' id='word_1_340' title='bbox 1305 4555 1451 4640; x_wconf 80' lang='grc' dir='ltr'><em>ῥόπαλον.</em></span> <span class='ocrx_word' id='word_1_341' title='bbox 1477 4555 1568 4639; x_wconf 85' lang='lat'><strong>§50.</strong></span> 
     </span>
     <span class='ocr_line' id='line_1_39' title="bbox 323 4657 1567 4757; baseline 0.002 -33"><span class='ocrx_word' id='word_1_342' title='bbox 323 4734 332 4757; x_wconf 33' lang='lat' dir='ltr'><em>n</em></span> <span class='ocrx_word' id='word_1_343' title='bbox 385 4659 560 4742; x_wconf 87' lang='grc' dir='ltr'><em>Ἐχινοίδων</em></span> <span class='ocrx_word' id='word_1_344' title='bbox 588 4658 732 4728; x_wconf 81' lang='grc' dir='ltr'><em>ανοίδοτιν</em></span> <span class='ocrx_word' id='word_1_345' title='bbox 759 4660 875 4729; x_wconf 87' lang='lat' dir='ltr'><strong>melius</strong></span> <span class='ocrx_word' id='word_1_346' title='bbox 900 4660 1061 4730; x_wconf 86' lang='grc' dir='ltr'><em>οίνοίδντιν.</em></span> <span class='ocrx_word' id='word_1_347' title='bbox 1098 4667 1116 4750; x_wconf 85' lang='lat'><em>§</em></span> <span class='ocrx_word' id='word_1_348' title='bbox 1138 4666 1192 4731; x_wconf 86' lang='lat'><strong>64.</strong></span> <span class='ocrx_word' id='word_1_349' title='bbox 1215 4657 1290 4745; x_wconf 81' lang='grc' dir='ltr'><em>ίπερ</em></span> <span class='ocrx_word' id='word_1_350' title='bbox 1316 4662 1448 4743; x_wconf 65' lang='lat' dir='ltr'><strong>alerem</strong></span> <span class='ocrx_word' id='word_1_351' title='bbox 1474 4659 1567 4727; x_wconf 80' lang='grc' dir='ltr'><em>ἔται·</em></span> 
     </span>
    </p>
   </div>
   <div class='ocr_carea' id='block_1_3' title="bbox 0 0 1888 5717">
    <p class='ocr_par' dir='ltr' id='par_1_3' title="bbox 0 0 1888 5717">
     <span class='ocr_line' id='line_1_40' title="bbox 0 0 1888 5717; baseline 0 1"><span class='ocrx_word' id='word_1_352' title='bbox 0 0 1888 5717; x_wconf 95' lang='lat' dir='ltr'><strong> </strong></span> 
     </span>
    </p>
   </div>
  </div>
 </body>
</html>
