3767 5717
990 592 1031 653 56

415 763 636 840 άντιτύπτειν,
662 761 757 827 vides·
779 768 880 837 κακῶς
896 764 1048 829 άκούοντιι
1068 762 1245 841 άντιλθνειν
1267 762 1397 849 perinde
1417 762 1480 852 diei
1496 774 1592 854 alque

412 870 632 952 λοιδορούμενον
654 868 887 950 άντιλοιδορεῒν,
917 888 981 955 qno
1006 867 1131 935 facilius
1151 875 1200 933 cst
1231 868 1471 935 Tenornsssrnu
1490 874 1590 939 reteri

415 972 531 1040 mendo
553 974 689 1039 liberare
711 975 743 1037 in
765 973 918 1039 θθισοοοιι.
942 994 1012 1061 cap.
1037 973 1097 1039 Vl:
1121 972 1231 1052 ύμθσαι
1249 975 1357 1053 ταχύ,
1377 982 1483 1049 κακῶς
1500 979 1600 1045 άκοῦε,

414 1105 467 1146 σαι
493 1078 558 1167 [καὶ
582 1079 796 1167 λοιδορηθῆναι]
822 1078 1011 1158 δυνάμενος,
1042 1079 1095 1145 hic
1118 1096 1244 1164 quoqne
1276 1076 1444 1147 manifesto
1461 1081 1591 1147 ‚indicio

415 1183 504 1250 iraus
527 1192 664 1251 tenetur.
711 1184 831 1255 Eodem
851 1184 931 1249 vitio
948 1183 1132 1249 liberandus
1154 1190 1202 1249 est
1235 1183 1427 1251 Puurtncnus
1452 1185 1484 1251 in
1516 1186 1591 1253 Tne·

415 1285 465 1356 seo
489 1294 550 1355 16:
575 1291 627 1356 καὶ
647 1289 710 1370 γάρ
733 1291 747 1354 ὁ
767 1289 871 1362 Μάνιος
894 1289 943 1356 sisi
970 1288 1099 1355 διετέλει
1125 1294 1224 1361 κακῶς
1257 1289 1372 1355 άκούαν
1401 1291 1466 1376 [και
1497 1292 1590 1359 λοιδο-

414 1395 567 1483 ριύμενος]
600 1396 631 1460 ἐν
654 1402 718 1469 τοῖς
738 1398 893 1467 Ἀττικοῖς
915 1392 1059 1476 θεάτροις.
1108 1391 1503 1479 Quemadmodnmigitnr
1526 1421 1602 1463 ποι-.

415 1508 459 1566 εῖν
481 1510 514 1565 el
538 1498 700 1581 πάσχειν,
730 1499 835 1578 λέγειν
857 1507 890 1563 et
912 1500 1051 1577 άκοθειν,
1081 1496 1257 1580 ἐμβάλλειν
1273 1505 1318 1563 ἐἰ
1340 1498 1507 1577 ἐμπίπτειν
1531 1501 1591 1567 sibi

415 1608 562 1671 intense
593 1603 802 1690 respondent,
840 1604 886 1667 sic
918 1602 1070 1669 nonnulla
1107 1604 1281 1689 composita
1309 1603 1397 1669 veriti
1435 1604 1504 1683 άγο
1534 1626 1593 1692 pro

415 1709 548 1789 άμεσθαι
562 1708 679 1774 habent
691 1708 935 1794 respondentem
950 1706 1008 1773 sibi
1022 1706 1156 1773 iorrnam
1169 1708 1263 1785 ἰέναι,
1276 1708 1358 1793 qnod
1373 1708 1452 1775 mihi
1464 1712 1590 1798 saepius

416 1814 448 1878 in
471 1814 609 1879 κατιέναι
639 1834 696 1899 pro
719 1813 915 1897 κατεύχεσθαι
950 1822 1002 1889 est
1033 1812 1247 1879 observatum
1296 1812 1419 1879 indocti
1446 1814 1589 1895 scribae,

416 1919 564 2003 quiahoc
583 1940 685 2006 neque
708 1926 862 1985 nouerant
883 1916 1244 2004 nequetarettigehant,
1265 1917 1366 1983 solent
1386 1921 1492 1985 outrrin
1512 1920 1590 1989 haec

418 2023 636 2109 interpolando
659 2032 718 2091 ant
737 2022 878 2089 vitiando
896 2024 1067 2089 oltsourarc
1084 2030 1141 2089 aut
1160 2021 1302 2108 perdere.
1329 2021 1418 2103 Quod
1430 2024 1592 2093 Eunrrmns

419 2129 451 2193 in
465 2128 573 2193 Medea
594 2114 827 2215 scripseratis.
852 2134 933 2195 1011
949 2151 956 2193 :

598 2232 711 2315 θάρσει.
734 2232 847 2299 κάτει
870 2257 915 2299 τοι
936 2233 989 2299 καὶ
1007 2235 1045 2299 σὺ
1064 2234 1136 2315 πρὸς
1154 2232 1264 2301 τέκνοιν
1285 2230 1351 2298 ἔτι·

596 2336 719 2411 άλλονς.
736 2337 864 2415 κατάξω
885 2337 1011 2421 πρθσθεν
1032 2342 1048 2415 ἡ
1071 2337 1195 2405 τάλαιν’
1218 2338 1290 2415 ἑκά.

417 2442 526 2528 arguit
551 2440 644 2508 κάτει
666 2442 846 2529 significare
867 2445 1063 2525 καταχθήσει
1091 2443 1158 2510 sire
1173 2444 1296 2511 καθόδου
1318 2440 1439 2519 τεύξει,
1459 2451 1491 2509 ai
1509 2443 1585 2509 suri·

415 2546 475 2613 ban
509 2547 656 2614 stolidam
684 2549 879 2633 scripturam
910 2556 1033 2636 κρατεῖς
1064 2572 1112 2616 τοι
1137 2547 1176 2617 dc
1198 2569 1266 2617 suo
1297 2548 1467 2627 dederunt,
1491 2566 1599 2634 qnam·

415 2652 571 2740 palmaria
612 2652 833 2720 emendatione
865 2656 996 2723 sana-uit
1024 2656 1152 2721 Ponsonr
1188 2655 1362 2741 ingenium.
1420 2653 1590 2739 Exspectat

417 2758 523 2834 adhuc
542 2757 734 2846 medicinam
749 2759 938 2827 Tnucmmus
954 2760 1115 2827 vincte:
1139 2758 1371 2839 ύἈλκιβιάδκς
1392 2759 1485 2853 ξδθκει
1509 2758 1592 2825 οὐδὲν

417 2861 499 2930 ἄλλο
528 2866 707 2931 σκοπεῖσθαι
731 2862 947 2947 ἣάτῳτρθπιρ
979 2868 1014 2932 ἐκ
1036 2871 1088 2931 τοῦ
1111 2864 1257 2943 παρέντος
1289 2862 1404 2939 κύσμοιι
1426 2866 1481 2937 τὴν
1502 2861 1592 2927 πάλιν

417 2970 601 3048 μετανοήσας
619 2970 681 3033 ,ὑπὸ
702 2975 766 3034 τῶν,
783 2970 907 3049 ἓταθρον
935 2966 1196 3047 παρακληθεὶς
1217 2963 1373 3039 κάτεισιν,
1400 2964 1454 3031 nbi
1475 2966 1591 3031 Tener·

322 3057 326 3066 i
415 3093 502 3139 ornus
519 3072 577 3137 ὑπὸ
600 3072 806 3152 aminiculum
829 3070 951 3137 κάτεισι
979 3071 1170 3155 scripserat,
1195 3068 1240 3158 (id
1259 3074 1309 3133 esl
1335 3069 1594 3149 καταχθήσεπαι,

416 3181 455 3243 nt
486 3174 633 3242 Graeculi
661 3173 844 3262 dicebant‚)
875 3174 1083 3256 παρακλαθεθι
1118 3172 1158 3242 ab
1188 3172 1243 3250 illo
1272 3170 1432 3239 adiectum
1464 3176 1592 3260 estqui

417 3282 476 3348 ὑπὸ
500 3286 559 3346 σύν
584 3280 710 3361 ἑταίρων
734 3300 797 3347 non
818 3278 1024 3364 intelligebat·
1077 3278 1198 3351 Bonum
1227 3276 1346 3345 iactum
1374 3278 1456 3363 qnod
1481 3278 1591 3345 absur-

416 3385 493 3452 dnm
506 3384 712 3472 participium
733 3384 889 3470 arripuit:
914 3405 977 3453 uon
990 3391 1074 3451 esset
1091 3384 1152 3451 ulia
1172 3403 1271 3471 poena
1288 3367 1541 3463 exsilio-levior,
1563 3384 1591 3451 si

416 3492 490 3578 quis
523 3493 556 3557 in
584 3491 751 3575 integrum
776 3490 904 3558 restitui
923 3497 1039 3577 posset
1074 3491 1132 3556 ὑπὸ
1161 3498 1219 3557 τῶν
1243 3489 1367 3570 ἑταίραν
1396 3506 1590 3571 παρακλα-

379 3669 384 3675 ,
415 3598 501 3672 θείς.
535 3595 726 3662 abstinuere
745 3614 861 3661 manus
881 3598 913 3661 in
937 3594 1126 3673 simillimis,
1148 3605 1185 3663 nt
1205 3596 1361 3681 incapite
1378 3598 1440 3661 68:
1465 3596 1590 3677 νσμθζαν

413 3705 468 3769 ούκ
486 3700 527 3768 άν
551 3726 627 3767 ποτε
650 3703 743 3767 αὐτὸν
770 3702 855 3768 κατά
874 3703 911 3768 τὸ
928 3702 1007 3776 εἰκὸς
1028 3702 1086 3767 ὑπ’.
1105 3701 1293 3784 ὀλιγαρχίας
1317 3702 1487 3769 κατελθεῖν.
1536 3700 1595 3767 Sic

413 3828 546 3894 prorsus
569 3807 678 3873 eodem
699 3827 762 3873 usu
785 3806 905 3873 dicitnr
925 3809 983 3874 ὑπὸ
1008 3814 1066 3873 τῶν
1087 3810 1212 3891 ἐπαύριον
1235 3804 1374 3889 κατιέναι
1396 3805 1501 3871 eth.
1525 3809 1587 3875 66:

411 3913 592 3986 ἐκπεσόντες
625 3914 691 3976 ὑπὸ1
707 3918 760 3977 τοῦ
780 3914 913 3990 πλύθοοε
937 3919 970 3977 el
997 3911 1021 3975 Ι.
1049 3916 1111 3989 12,
1141 3914 1315 3984 άναςάντες
1341 3911 1399 3975 ὑπὸ
1422 3918 1589 3977 Θεσσαλῶν

412 4016 537 4100 aliaque
564 4015 790 4100 compluscula.
849 4015 951 4081 Plane.
974 4014 1204 4083 eiusdemmodi
1233 4017 1347 4081 vitium
1372 4016 1404 4081 in
1430 4016 1599 4084 llnnonoro.

411 4118 615 4207 deprehendi.
650 4119 702 4184 lv.
726 4123 812 4197 152,
833 4124 888 4186 οὐκ
914 4122 1120 4198 άπονοςάσετε
1138 4121 1233 4186 talou
1249 4121 1314 4185 dard
1336 4121 1427 4187 τάνδε
1455 4127 1512 4187 τῶν
1536 4144 1587 4186 τι·

409 4225 572 4306 ξενμάτων
595 4224 856 4304 βαλλθμενοι,
880 4225 1029 4309 qnoniam
1054 4246 1116 4291 non
1149 4225 1222 4311 ipsa
1241 4223 1421 4304 τοξεύματα
1447 4225 1587 4305 βάλλει,

409 4332 465 4400 sed
488 4328 658 4408 τοξεύμασι
686 4329 863 4408 βάλλονται
894 4330 920 4393 οἱ
950 4328 999 4393 cisi
1031 4329 1241 4410 βαλλόμενοι,
1268 4350 1412 4415 expunge
1444 4332 1592 4417 ineptunr

408 4437 614 4523 participium
651 4433 690 4499 ab
719 4436 825 4521 inepto
849 4432 1003 4499 Graeculo
1034 4435 1253 4522 adscriptum,
1286 4454 1347 4519 qno
1379 4434 1462 4501 lacto
1493 4454 1592 4521 quam

408 4542 513 4607 acrior
535 4549 566 4607 et
580 4540 800 4607 vehementior
815 4546 905 4606 exeat
923 4541 1025 4607 oratio
1045 4549 1076 4608 ct
1098 4545 1142 4611 rei
1162 4540 1429 4608 accommodatior
1448 4542 1520 4629 quis
1539 4548 1588 4607 est

408 4646 463 4734 qni
481 4666 543 4711 non
566 4647 708 4713 sentiat?
1499 4654 1503 4661 ”
