<?xml version="1.0" encoding="UTF-8"?>
<!DOCTYPE html PUBLIC "-//W3C//DTD XHTML 1.0 Transitional//EN"
    "http://www.w3.org/TR/xhtml1/DTD/xhtml1-transitional.dtd">
<html xmlns="http://www.w3.org/1999/xhtml" xml:lang="en" lang="en">
 <head>
  <title>
</title>
<meta http-equiv="Content-Type" content="text/html;charset=utf-8" />
  <meta name='ocr-system' content='tesseract 3.04.00' />
  <meta name='ocr-capabilities' content='ocr_page ocr_carea ocr_par ocr_line ocrx_word'/>
</head>
<body>
  <div class='ocr_page' id='page_1' title='image "./variaelectiones02cobegoog_0151.png"; bbox 0 0 3767 5717; ppageno 0'>
   <div class='ocr_carea' id='block_1_1' title="bbox 821 633 883 695">
    <p class='ocr_par' dir='ltr' id='par_1_1' title="bbox 821 633 883 695">
     <span class='ocr_line' id='line_1_1' title="bbox 821 633 883 695; baseline -0.016 0"><span class='ocrx_word' id='word_1_1' title='bbox 821 633 883 695; x_wconf 81' lang='lat'>15⁷</span> 
     </span>
    </p>
   </div>
   <div class='ocr_carea' id='block_1_2' title="bbox 161 795 1469 4664">
    <p class='ocr_par' dir='ltr' id='par_1_2' title="bbox 260 795 1444 1094">
     <span class='ocr_line' id='line_1_2' title="bbox 260 795 1444 886; baseline -0.002 -20"><span class='ocrx_word' id='word_1_2' title='bbox 260 799 359 880; x_wconf 76' lang='grc' dir='ltr'><strong><em>μένοις</em></strong></span> <span class='ocrx_word' id='word_1_3' title='bbox 386 805 518 868; x_wconf 91' lang='lat' dir='ltr'>erutum</span> <span class='ocrx_word' id='word_1_4' title='bbox 540 801 692 886; x_wconf 86' lang='lat' dir='ltr'>oportuit.</span> <span class='ocrx_word' id='word_1_5' title='bbox 740 800 826 882; x_wconf 82' lang='lat' dir='ltr'>Quid</span> <span class='ocrx_word' id='word_1_6' title='bbox 848 801 949 870; x_wconf 87' lang='lat' dir='ltr'>iacias</span> <span class='ocrx_word' id='word_1_7' title='bbox 979 799 1115 879; x_wconf 89' lang='lat' dir='ltr'>scribis,</span> <span class='ocrx_word' id='word_1_8' title='bbox 1138 801 1193 886; x_wconf 89' lang='lat' dir='ltr'>qui</span> <span class='ocrx_word' id='word_1_9' title='bbox 1219 799 1267 870; x_wconf 91' lang='lat' dir='ltr'>vel</span> <span class='ocrx_word' id='word_1_10' title='bbox 1292 801 1324 866; x_wconf 92' lang='lat' dir='ltr'>in</span> <span class='ocrx_word' id='word_1_11' title='bbox 1348 795 1444 864; x_wconf 86' lang='lat' dir='ltr'>Nobi·</span> 
     </span>
     <span class='ocr_line' id='line_1_3' title="bbox 263 905 506 972; baseline -0.004 0"><span class='ocrx_word' id='word_1_12' title='bbox 263 905 318 972; x_wconf 76' lang='grc' dir='ltr'><strong><em>νον</em></strong></span> <span class='ocrx_word' id='word_1_13' title='bbox 336 925 383 972; x_wconf 86' lang='lat' dir='ltr'>rs.</span> <span class='ocrx_word' id='word_1_14' title='bbox 409 909 506 972; x_wconf 76' lang='lat'><strong>1445.</strong></span> 
     </span>
     <span class='ocr_line' id='line_1_4' title="bbox 371 1009 1389 1094; baseline -0.002 -16"><span class='ocrx_word' id='word_1_15' title='bbox 371 1012 426 1082; x_wconf 78' lang='grc' dir='ltr'><strong><em>ιιιιὶ</em></strong></span> <span class='ocrx_word' id='word_1_16' title='bbox 449 1012 511 1091; x_wconf 73' lang='grc' dir='ltr'>μην</span> <span class='ocrx_word' id='word_1_17' title='bbox 534 1009 606 1085; x_wconf 73' lang='grc' dir='ltr'><strong><em>ἴσοις</em></strong></span> <span class='ocrx_word' id='word_1_18' title='bbox 629 1014 684 1079; x_wconf 80' lang='grc' dir='ltr'><strong><em>οὖν</em></strong></span> <span class='ocrx_word' id='word_1_19' title='bbox 705 1011 836 1094; x_wconf 79' lang='grc' dir='ltr'><strong><em>άχάέσει</em></strong></span> <span class='ocrx_word' id='word_1_20' title='bbox 858 1012 963 1080; x_wconf 68' lang='lat' dir='ltr'>scibo</span> <span class='ocrx_word' id='word_1_21' title='bbox 985 1009 1009 1080; x_wconf 81' lang='grc' dir='ltr'><strong><em>ά</em></strong></span> <span class='ocrx_word' id='word_1_22' title='bbox 1032 1016 1083 1080; x_wconf 79' lang='grc' dir='ltr'>νῦν</span> <span class='ocrx_word' id='word_1_23' title='bbox 1107 1009 1283 1090; x_wconf 75' lang='grc' dir='ltr'><strong><em>πέποιθάς,</em></strong></span> <span class='ocrx_word' id='word_1_24' title='bbox 1385 1045 1389 1052; x_wconf 73' lang='lat'>=</span> 
     </span>
    </p>

    <p class='ocr_par' dir='ltr' id='par_1_3' title="bbox 259 1114 1449 1730">
     <span class='ocr_line' id='line_1_5' title="bbox 262 1114 1448 1201; baseline 0.005 -19"><span class='ocrx_word' id='word_1_25' title='bbox 262 1134 325 1182; x_wconf 89' lang='lat' dir='ltr'>uon</span> <span class='ocrx_word' id='word_1_26' title='bbox 344 1114 537 1184; x_wconf 71' lang='lat' dir='ltr'><strong>dubitarunt</strong></span> <span class='ocrx_word' id='word_1_27' title='bbox 555 1133 652 1182; x_wconf 85' lang='lat' dir='ltr'>suurn</span> <span class='ocrx_word' id='word_1_28' title='bbox 675 1118 800 1201; x_wconf 77' lang='grc' dir='ltr'><strong><em>άχάηση</em></strong></span> <span class='ocrx_word' id='word_1_29' title='bbox 817 1115 1039 1184; x_wconf 77' lang='lat' dir='ltr'>substituere?</span> <span class='ocrx_word' id='word_1_30' title='bbox 1064 1115 1179 1182; x_wconf 85' lang='lat' dir='ltr'>lisdem</span> <span class='ocrx_word' id='word_1_31' title='bbox 1201 1115 1278 1184; x_wconf 87' lang='lat' dir='ltr'>solis</span> <span class='ocrx_word' id='word_1_32' title='bbox 1289 1116 1448 1188; x_wconf 73' lang='lat' dir='ltr'>debentur</span> 
     </span>
     <span class='ocr_line' id='line_1_6' title="bbox 259 1219 1446 1307; baseline 0.005 -21"><span class='ocrx_word' id='word_1_33' title='bbox 259 1219 380 1288; x_wconf 74' lang='lat' dir='ltr'>formae</span> <span class='ocrx_word' id='word_1_34' title='bbox 392 1220 552 1307; x_wconf 75' lang='lat' dir='ltr'>longiores</span> <span class='ocrx_word' id='word_1_35' title='bbox 569 1221 798 1301; x_wconf 76' lang='grc' dir='ltr'><strong><em>τιμηάηοομοιι,</em></strong></span> <span class='ocrx_word' id='word_1_36' title='bbox 819 1223 1079 1305; x_wconf 80' lang='grc' dir='ltr'><strong><em>άφοληάάοομοιι,</em></strong></span> <span class='ocrx_word' id='word_1_37' title='bbox 1090 1220 1333 1304; x_wconf 67' lang='grc' dir='ltr'>ζημιωθήσομαι,</span> <span class='ocrx_word' id='word_1_38' title='bbox 1352 1225 1446 1292; x_wconf 82' lang='lat' dir='ltr'>aliae·</span> 
     </span>
     <span class='ocr_line' id='line_1_7' title="bbox 260 1324 1446 1412; baseline 0.002 -18"><span class='ocrx_word' id='word_1_39' title='bbox 260 1343 322 1412; x_wconf 79' lang='lat' dir='ltr'>que</span> <span class='ocrx_word' id='word_1_40' title='bbox 344 1325 467 1395; x_wconf 86' lang='lat' dir='ltr'>similes</span> <span class='ocrx_word' id='word_1_41' title='bbox 497 1343 556 1411; x_wconf 87' lang='lat' dir='ltr'>pro</span> <span class='ocrx_word' id='word_1_42' title='bbox 585 1324 787 1394; x_wconf 82' lang='lat' dir='ltr'>brevioribus</span> <span class='ocrx_word' id='word_1_43' title='bbox 807 1329 1006 1407; x_wconf 76' lang='grc' dir='ltr'><strong><em>τιμάτομοιι,</em></strong></span> <span class='ocrx_word' id='word_1_44' title='bbox 1037 1329 1265 1410; x_wconf 75' lang='grc' dir='ltr'><strong><em>άφελῆοομοιι,</em></strong></span> <span class='ocrx_word' id='word_1_45' title='bbox 1300 1327 1446 1409; x_wconf 64' lang='lat' dir='ltr'>{nordro-</span> 
     </span>
     <span class='ocr_line' id='line_1_8' title="bbox 263 1428 1449 1516; baseline 0.001 -19"><span class='ocrx_word' id='word_1_46' title='bbox 263 1455 347 1510; x_wconf 76' lang='grc' dir='ltr'><strong><em>μοι,</em></strong></span> <span class='ocrx_word' id='word_1_47' title='bbox 366 1429 526 1498; x_wconf 77' lang='lat' dir='ltr'>similibus</span> <span class='ocrx_word' id='word_1_48' title='bbox 539 1477 549 1505; x_wconf 85' lang='lat'>‚</span> <span class='ocrx_word' id='word_1_49' title='bbox 561 1428 680 1515; x_wconf 82' lang='lat' dir='ltr'>quibus</span> <span class='ocrx_word' id='word_1_50' title='bbox 696 1430 851 1516; x_wconf 86' lang='lat' dir='ltr'>antiquas</span> <span class='ocrx_word' id='word_1_51' title='bbox 873 1451 980 1500; x_wconf 85' lang='lat' dir='ltr'>sermo</span> <span class='ocrx_word' id='word_1_52' title='bbox 996 1432 1130 1500; x_wconf 70' lang='lat' dir='ltr'>omero</span> <span class='ocrx_word' id='word_1_53' title='bbox 1148 1432 1309 1500; x_wconf 87' lang='lat' dir='ltr'>utebatur.</span> <span class='ocrx_word' id='word_1_54' title='bbox 1333 1432 1449 1502; x_wconf 75' lang='lat' dir='ltr'>lolio.</span> 
     </span>
     <span class='ocr_line' id='line_1_9' title="bbox 262 1533 1449 1624; baseline 0 -18"><span class='ocrx_word' id='word_1_55' title='bbox 262 1555 371 1606; x_wconf 77' lang='lat' dir='ltr'>numrs</span> <span class='ocrx_word' id='word_1_56' title='bbox 391 1534 609 1624; x_wconf 84' lang='lat' dir='ltr'>pulcherrimo</span> <span class='ocrx_word' id='word_1_57' title='bbox 636 1533 725 1614; x_wconf 88' lang='lat' dir='ltr'>loco,</span> <span class='ocrx_word' id='word_1_58' title='bbox 747 1554 847 1621; x_wconf 89' lang='lat' dir='ltr'>quem</span> <span class='ocrx_word' id='word_1_59' title='bbox 871 1535 1031 1604; x_wconf 81' lang='lat' dir='ltr'>brennone</span> <span class='ocrx_word' id='word_1_60' title='bbox 1061 1536 1095 1602; x_wconf 92' lang='lat' dir='ltr'>in</span> <span class='ocrx_word' id='word_1_61' title='bbox 1118 1536 1286 1606; x_wconf 72' lang='lat' dir='ltr'>deomotco</span> <span class='ocrx_word' id='word_1_62' title='bbox 1309 1539 1449 1606; x_wconf 85' lang='lat' dir='ltr'>servarit</span> 
     </span>
     <span class='ocr_line' id='line_1_10' title="bbox 261 1637 1068 1730; baseline 0 -22"><span class='ocrx_word' id='word_1_63' title='bbox 261 1639 285 1729; x_wconf 69' lang='lat' dir='ltr'>S</span> <span class='ocrx_word' id='word_1_64' title='bbox 303 1645 387 1720; x_wconf 82' lang='lat' dir='ltr'>too,</span> <span class='ocrx_word' id='word_1_65' title='bbox 410 1640 540 1724; x_wconf 79' lang='lat' dir='ltr'>codices</span> <span class='ocrx_word' id='word_1_66' title='bbox 553 1637 868 1725; x_wconf 85' lang='lat' dir='ltr'>quidam-dederunt</span> <span class='ocrx_word' id='word_1_67' title='bbox 883 1660 938 1709; x_wconf 20' lang='lat' dir='ltr'>irs.</span> <span class='ocrx_word' id='word_1_68' title='bbox 956 1646 999 1712; x_wconf 75' lang='lat' dir='ltr'>lu</span> <span class='ocrx_word' id='word_1_69' title='bbox 1021 1663 1068 1730; x_wconf 86' lang='lat' dir='ltr'>sq.</span> 
     </span>
    </p>

    <p class='ocr_par' dir='ltr' id='par_1_4' title="bbox 485 1744 1149 1831">
     <span class='ocr_line' id='line_1_11' title="bbox 485 1744 1149 1831; baseline 0.005 -19"><span class='ocrx_word' id='word_1_70' title='bbox 485 1744 656 1823; x_wconf 75' lang='grc' dir='ltr'><strong><em>Εὔμολπος</em></strong></span> <span class='ocrx_word' id='word_1_71' title='bbox 677 1745 744 1812; x_wconf 76' lang='grc' dir='ltr'><strong><em>οὐδὲ</em></strong></span> <span class='ocrx_word' id='word_1_72' title='bbox 766 1744 856 1831; x_wconf 69' lang='grc' dir='ltr'>Θρῖρξ</span> <span class='ocrx_word' id='word_1_73' title='bbox 877 1746 1048 1827; x_wconf 78' lang='grc' dir='ltr'><strong><em>άνοοςρὲψοι</em></strong></span> <span class='ocrx_word' id='word_1_74' title='bbox 1071 1749 1149 1824; x_wconf 70' lang='lat' dir='ltr'>tede</span> 
     </span>
    </p>

    <p class='ocr_par' dir='ltr' id='par_1_5' title="bbox 161 1848 1465 2359">
     <span class='ocr_line' id='line_1_12' title="bbox 489 1848 1465 1935; baseline 0 -16"><span class='ocrx_word' id='word_1_75' title='bbox 489 1848 672 1935; x_wconf 73' lang='grc' dir='ltr'><strong><em>ςεφάνοισι,</em></strong></span> <span class='ocrx_word' id='word_1_76' title='bbox 695 1852 833 1926; x_wconf 72' lang='grc' dir='ltr'><strong><em>Παλλάς</em></strong></span> <span class='ocrx_word' id='word_1_77' title='bbox 854 1851 882 1917; x_wconf 74' lang='grc' dir='ltr'>δ’</span> <span class='ocrx_word' id='word_1_78' title='bbox 905 1851 1040 1931; x_wconf 72' lang='grc' dir='ltr'><strong><em>οὐδαμοῦ</em></strong></span> <span class='ocrx_word' id='word_1_79' title='bbox 1063 1854 1281 1932; x_wconf 72' lang='grc' dir='ltr'><strong><em>τιμηθήσεται.</em></strong></span> <span class='ocrx_word' id='word_1_80' title='bbox 1461 1924 1465 1932; x_wconf 62' lang='grc'><strong><em>,</em></strong></span> 
     </span>
     <span class='ocr_line' id='line_1_13' title="bbox 161 1954 1452 2044; baseline 0.002 -21"><span class='ocrx_word' id='word_1_81' title='bbox 161 2005 166 2013; x_wconf 87' lang='lat'>.</span> <span class='ocrx_word' id='word_1_82' title='bbox 263 1976 322 2044; x_wconf 93' lang='lat' dir='ltr'>pro</span> <span class='ocrx_word' id='word_1_83' title='bbox 342 1954 497 2037; x_wconf 72' lang='grc' dir='ltr'><strong><em>άνστέψει</em></strong></span> <span class='ocrx_word' id='word_1_84' title='bbox 521 1963 554 2022; x_wconf 89' lang='lat' dir='ltr'>et</span> <span class='ocrx_word' id='word_1_85' title='bbox 577 1958 757 2036; x_wconf 77' lang='grc' dir='ltr'><strong><em>τιμησιτοιι.</em></strong></span> <span class='ocrx_word' id='word_1_86' title='bbox 804 1956 908 2023; x_wconf 80' lang='lat' dir='ltr'>Fraus</span> <span class='ocrx_word' id='word_1_87' title='bbox 927 1956 961 2022; x_wconf 92' lang='lat' dir='ltr'>in</span> <span class='ocrx_word' id='word_1_88' title='bbox 986 1959 1089 2042; x_wconf 85' lang='lat' dir='ltr'>poetis</span> <span class='ocrx_word' id='word_1_89' title='bbox 1111 1955 1310 2044; x_wconf 87' lang='lat' dir='ltr'>deprebensa</span> <span class='ocrx_word' id='word_1_90' title='bbox 1333 1955 1452 2044; x_wconf 84' lang='lat' dir='ltr'>ubique</span> 
     </span>
     <span class='ocr_line' id='line_1_14' title="bbox 263 2059 1452 2150; baseline 0 -22"><span class='ocrx_word' id='word_1_91' title='bbox 263 2061 358 2148; x_wconf 79' lang='lat' dir='ltr'>argui</span> <span class='ocrx_word' id='word_1_92' title='bbox 387 2059 482 2127; x_wconf 87' lang='lat' dir='ltr'>debet</span> <span class='ocrx_word' id='word_1_93' title='bbox 504 2067 537 2128; x_wconf 85' lang='lat' dir='ltr'>et</span> <span class='ocrx_word' id='word_1_94' title='bbox 565 2060 651 2147; x_wconf 84' lang='lat' dir='ltr'>quod</span> <span class='ocrx_word' id='word_1_95' title='bbox 678 2062 830 2130; x_wconf 82' lang='lat' dir='ltr'>uitiosum</span> <span class='ocrx_word' id='word_1_96' title='bbox 855 2069 1076 2130; x_wconf 81' lang='lat' dir='ltr'>constetesse</span> <span class='ocrx_word' id='word_1_97' title='bbox 1099 2070 1188 2128; x_wconf 89' lang='lat' dir='ltr'>certa</span> <span class='ocrx_word' id='word_1_98' title='bbox 1211 2062 1329 2150; x_wconf 90' lang='lat' dir='ltr'>ubique</span> <span class='ocrx_word' id='word_1_99' title='bbox 1354 2063 1452 2130; x_wconf 86' lang='lat' dir='ltr'>rnedi-</span> 
     </span>
     <span class='ocr_line' id='line_1_15' title="bbox 264 2165 1453 2254; baseline 0.001 -20"><span class='ocrx_word' id='word_1_100' title='bbox 264 2167 338 2236; x_wconf 86' lang='lat' dir='ltr'>oinc</span> <span class='ocrx_word' id='word_1_101' title='bbox 354 2165 485 2241; x_wconf 85' lang='lat' dir='ltr'>sonari,</span> <span class='ocrx_word' id='word_1_102' title='bbox 504 2166 537 2232; x_wconf 93' lang='lat' dir='ltr'>in</span> <span class='ocrx_word' id='word_1_103' title='bbox 556 2183 621 2253; x_wconf 85' lang='lat' dir='ltr'>qua</span> <span class='ocrx_word' id='word_1_104' title='bbox 643 2185 679 2234; x_wconf 90' lang='lat' dir='ltr'>re</span> <span class='ocrx_word' id='word_1_105' title='bbox 702 2167 902 2254; x_wconf 83' lang='lat' dir='ltr'>antiquiores</span> <span class='ocrx_word' id='word_1_106' title='bbox 920 2167 997 2236; x_wconf 89' lang='lat' dir='ltr'>libri</span> <span class='ocrx_word' id='word_1_107' title='bbox 1018 2185 1113 2254; x_wconf 80' lang='lat' dir='ltr'>saepe</span> <span class='ocrx_word' id='word_1_108' title='bbox 1136 2165 1360 2236; x_wconf 76' lang='lat' dir='ltr'>emendantem</span> <span class='ocrx_word' id='word_1_109' title='bbox 1379 2185 1453 2236; x_wconf 89' lang='lat' dir='ltr'>con·</span> 
     </span>
     <span class='ocr_line' id='line_1_16' title="bbox 265 2263 1202 2359; baseline 0.002 -21"><span class='ocrx_word' id='word_1_110' title='bbox 265 2263 445 2340; x_wconf 76' lang='lat' dir='ltr'>firmabunt</span> <span class='ocrx_word' id='word_1_111' title='bbox 464 2271 692 2359; x_wconf 81' lang='lat' dir='ltr'>optionemque</span> <span class='ocrx_word' id='word_1_112' title='bbox 711 2271 838 2340; x_wconf 86' lang='lat' dir='ltr'>lacilem</span> <span class='ocrx_word' id='word_1_113' title='bbox 861 2271 996 2353; x_wconf 81' lang='lat' dir='ltr'>reddent</span> <span class='ocrx_word' id='word_1_114' title='bbox 1016 2280 1049 2338; x_wconf 87' lang='lat' dir='ltr'>et</span> <span class='ocrx_word' id='word_1_115' title='bbox 1066 2279 1202 2340; x_wconf 86' lang='lat' dir='ltr'>certam.</span> 
     </span>
    </p>

    <p class='ocr_par' dir='ltr' id='par_1_6' title="bbox 200 2375 1469 4562">
     <span class='ocr_line' id='line_1_17' title="bbox 309 2375 1452 2463; baseline 0.002 -21"><span class='ocrx_word' id='word_1_116' title='bbox 309 2375 372 2458; x_wconf 83' lang='lat' dir='ltr'>Qui</span> <span class='ocrx_word' id='word_1_117' title='bbox 395 2375 661 2447; x_wconf 88' lang='lat' dir='ltr'>consuetudinem</span> <span class='ocrx_word' id='word_1_118' title='bbox 684 2385 831 2446; x_wconf 83' lang='lat' dir='ltr'>veterum</span> <span class='ocrx_word' id='word_1_119' title='bbox 855 2397 874 2447; x_wconf 83' lang='grc' dir='ltr'><strong><em>ν</em></strong></span> <span class='ocrx_word' id='word_1_120' title='bbox 904 2377 1134 2446; x_wconf 77' lang='lat' dir='ltr'>recentiorum</span> <span class='ocrx_word' id='word_1_121' title='bbox 1147 2375 1296 2446; x_wconf 89' lang='lat' dir='ltr'>sordibus</span> <span class='ocrx_word' id='word_1_122' title='bbox 1319 2375 1452 2463; x_wconf 84' lang='lat' dir='ltr'>diligen·</span> 
     </span>
     <span class='ocr_line' id='line_1_18' title="bbox 266 2480 1452 2569; baseline 0.001 -20"><span class='ocrx_word' id='word_1_123' title='bbox 266 2488 319 2549; x_wconf 88' lang='lat' dir='ltr'>tor</span> <span class='ocrx_word' id='word_1_124' title='bbox 339 2480 524 2548; x_wconf 81' lang='lat' dir='ltr'>disseruere</span> <span class='ocrx_word' id='word_1_125' title='bbox 542 2480 638 2568; x_wconf 72' lang='lat' dir='ltr'>longo</span> <span class='ocrx_word' id='word_1_126' title='bbox 657 2501 719 2548; x_wconf 91' lang='lat' dir='ltr'>usn</span> <span class='ocrx_word' id='word_1_127' title='bbox 741 2490 973 2561; x_wconf 86' lang='lat' dir='ltr'>assuererunt,</span> <span class='ocrx_word' id='word_1_128' title='bbox 997 2489 1149 2569; x_wconf 88' lang='lat' dir='ltr'>poterunt</span> <span class='ocrx_word' id='word_1_129' title='bbox 1169 2482 1330 2568; x_wconf 80' lang='lat' dir='ltr'>expiscari</span> <span class='ocrx_word' id='word_1_130' title='bbox 1342 2499 1452 2550; x_wconf 85' lang='lat' dir='ltr'>rernm</span> 
     </span>
     <span class='ocr_line' id='line_1_19' title="bbox 263 2584 1452 2673; baseline 0.002 -21"><span class='ocrx_word' id='word_1_131' title='bbox 263 2584 435 2652; x_wconf 88' lang='lat' dir='ltr'>lectionem</span> <span class='ocrx_word' id='word_1_132' title='bbox 460 2586 492 2652; x_wconf 93' lang='lat' dir='ltr'>in</span> <span class='ocrx_word' id='word_1_133' title='bbox 515 2585 586 2654; x_wconf 92' lang='lat' dir='ltr'>loco</span> <span class='ocrx_word' id='word_1_134' title='bbox 608 2586 809 2673; x_wconf 85' lang='lat' dir='ltr'>ineptissime</span> <span class='ocrx_word' id='word_1_135' title='bbox 829 2584 1003 2673; x_wconf 86' lang='lat' dir='ltr'>depravato</span> <span class='ocrx_word' id='word_1_136' title='bbox 1023 2590 1087 2664; x_wconf 84' lang='grc'>67,</span> <span class='ocrx_word' id='word_1_137' title='bbox 1101 2591 1143 2665; x_wconf 74' lang='lat' dir='ltr'>t,</span> <span class='ocrx_word' id='word_1_138' title='bbox 1158 2593 1187 2653; x_wconf 86' lang='lat'>1.</span> <span class='ocrx_word' id='word_1_139' title='bbox 1212 2587 1268 2654; x_wconf 87' lang='lat' dir='ltr'>ubi</span> <span class='ocrx_word' id='word_1_140' title='bbox 1290 2585 1396 2673; x_wconf 87' lang='lat' dir='ltr'>puella</span> <span class='ocrx_word' id='word_1_141' title='bbox 1410 2587 1452 2654; x_wconf 88' lang='lat' dir='ltr'>ad</span> 
     </span>
     <span class='ocr_line' id='line_1_20' title="bbox 211 2688 1451 2774; baseline 0.006 -23"><span class='ocrx_word' id='word_1_142' title='bbox 211 2738 214 2751; x_wconf 78' lang='grc'><strong><em>,</em></strong></span> <span class='ocrx_word' id='word_1_143' title='bbox 264 2696 464 2758; x_wconf 79' lang='lat' dir='ltr'>amatorem:</span> <span class='ocrx_word' id='word_1_144' title='bbox 485 2696 577 2759; x_wconf 79' lang='grc' dir='ltr'><strong><em>τοῦτο</em></strong></span> <span class='ocrx_word' id='word_1_145' title='bbox 599 2695 677 2769; x_wconf 76' lang='grc' dir='ltr'><strong><em>γοῦν</em></strong></span> <span class='ocrx_word' id='word_1_146' title='bbox 698 2691 751 2758; x_wconf 74' lang='lat' dir='ltr'>eoi</span> <span class='ocrx_word' id='word_1_147' title='bbox 774 2690 866 2770; x_wconf 84' lang='grc' dir='ltr'><strong><em>μάνον</em></strong></span> <span class='ocrx_word' id='word_1_148' title='bbox 888 2689 1080 2773; x_wconf 76' lang='grc' dir='ltr'><strong><em>ἐπριάμην</em></strong></span> <span class='ocrx_word' id='word_1_149' title='bbox 1099 2696 1153 2758; x_wconf 81' lang='grc' dir='ltr'><strong><em>τοῖο</em></strong></span> <span class='ocrx_word' id='word_1_150' title='bbox 1181 2696 1234 2758; x_wconf 81' lang='grc' dir='ltr'>τοῦ</span> <span class='ocrx_word' id='word_1_151' title='bbox 1254 2690 1359 2774; x_wconf 77' lang='grc' dir='ltr'><strong><em>ἔροιτοο</em></strong></span> <span class='ocrx_word' id='word_1_152' title='bbox 1371 2739 1380 2770; x_wconf 92' lang='grc'><strong><em>,</em></strong></span> <span class='ocrx_word' id='word_1_153' title='bbox 1405 2688 1451 2758; x_wconf 70' lang='grc' dir='ltr'><strong><em>ἔτι</em></strong></span> 
     </span>
     <span class='ocr_line' id='line_1_21' title="bbox 265 2794 1452 2881; baseline 0.003 -20"><span class='ocrx_word' id='word_1_154' title='bbox 265 2819 318 2875; x_wconf 90' lang='grc' dir='ltr'><strong><em>μοι</em></strong></span> <span class='ocrx_word' id='word_1_155' title='bbox 339 2795 535 2873; x_wconf 68' lang='grc' dir='ltr'>τηλικαύτην</span> <span class='ocrx_word' id='word_1_156' title='bbox 558 2795 731 2870; x_wconf 70' lang='grc' dir='ltr'><strong><em>πεποίηκάς</em></strong></span> <span class='ocrx_word' id='word_1_157' title='bbox 752 2798 810 2873; x_wconf 66' lang='grc' dir='ltr'><strong><em>τὴν</em></strong></span> <span class='ocrx_word' id='word_1_158' title='bbox 831 2796 955 2879; x_wconf 66' lang='lat' dir='ltr'>ymos</span> <span class='ocrx_word' id='word_1_159' title='bbox 977 2797 1043 2862; x_wconf 76' lang='lat' dir='ltr'>scri.</span> <span class='ocrx_word' id='word_1_160' title='bbox 1089 2794 1204 2871; x_wconf 87' lang='lat' dir='ltr'>Nemo.</span> <span class='ocrx_word' id='word_1_161' title='bbox 1232 2796 1286 2881; x_wconf 88' lang='lat' dir='ltr'>qui</span> <span class='ocrx_word' id='word_1_162' title='bbox 1313 2796 1362 2864; x_wconf 83' lang='lat' dir='ltr'>vel</span> <span class='ocrx_word' id='word_1_163' title='bbox 1382 2817 1452 2864; x_wconf 87' lang='lat' dir='ltr'>mo·</span> 
     </span>
     <span class='ocr_line' id='line_1_22' title="bbox 263 2898 1452 2992; baseline 0.003 -26"><span class='ocrx_word' id='word_1_164' title='bbox 263 2899 418 2968; x_wconf 87' lang='lat' dir='ltr'>diocriter</span> <span class='ocrx_word' id='word_1_165' title='bbox 432 2902 467 2968; x_wconf 89' lang='lat' dir='ltr'>in</span> <span class='ocrx_word' id='word_1_166' title='bbox 489 2901 616 2970; x_wconf 77' lang='grc' dir='ltr'><strong><em>άσσοοίο</em></strong></span> <span class='ocrx_word' id='word_1_167' title='bbox 628 2909 774 2970; x_wconf 88' lang='lat' dir='ltr'>versatus</span> <span class='ocrx_word' id='word_1_168' title='bbox 791 2908 1049 2992; x_wconf 85' lang='lat' dir='ltr'>est,oonooquat</span> <span class='ocrx_word' id='word_1_169' title='bbox 1070 2900 1229 2989; x_wconf 86' lang='lat' dir='ltr'>quomodo</span> <span class='ocrx_word' id='word_1_170' title='bbox 1241 2898 1395 2983; x_wconf 79' lang='grc' dir='ltr'><strong><em>ἐπριάμην</em></strong></span> <span class='ocrx_word' id='word_1_171' title='bbox 1406 2903 1452 2970; x_wconf 87' lang='lat' dir='ltr'>ita</span> 
     </span>
     <span class='ocr_line' id='line_1_23' title="bbox 267 3004 1454 3094; baseline 0.003 -23"><span class='ocrx_word' id='word_1_172' title='bbox 267 3004 333 3072; x_wconf 84' lang='lat' dir='ltr'>diei</span> <span class='ocrx_word' id='word_1_173' title='bbox 360 3007 470 3093; x_wconf 88' lang='lat' dir='ltr'>possit.</span> <span class='ocrx_word' id='word_1_174' title='bbox 495 3007 638 3076; x_wconf 88' lang='lat' dir='ltr'>Verbum</span> <span class='ocrx_word' id='word_1_175' title='bbox 661 3009 799 3074; x_wconf 78' lang='grc' dir='ltr'><strong><em>άνεῖσνιιι</em></strong></span> <span class='ocrx_word' id='word_1_176' title='bbox 820 3005 906 3094; x_wconf 83' lang='lat' dir='ltr'>epud</span> <span class='ocrx_word' id='word_1_177' title='bbox 926 3014 1051 3078; x_wconf 79' lang='lat' dir='ltr'>veteres</span> <span class='ocrx_word' id='word_1_178' title='bbox 1073 3005 1170 3074; x_wconf 88' lang='lat' dir='ltr'>babet</span> <span class='ocrx_word' id='word_1_179' title='bbox 1190 3005 1347 3074; x_wconf 87' lang='lat' dir='ltr'>eoristurn</span> <span class='ocrx_word' id='word_1_180' title='bbox 1364 3008 1454 3091; x_wconf 75' lang='grc' dir='ltr'><strong><em>τριο·</em></strong></span> 
     </span>
     <span class='ocr_line' id='line_1_24' title="bbox 266 3109 1452 3200; baseline 0.001 -23"><span class='ocrx_word' id='word_1_181' title='bbox 266 3113 337 3178; x_wconf 74' lang='lat' dir='ltr'>olai</span> <span class='ocrx_word' id='word_1_182' title='bbox 355 3119 444 3181; x_wconf 86' lang='lat' dir='ltr'>corto</span> <span class='ocrx_word' id='word_1_183' title='bbox 458 3120 678 3200; x_wconf 78' lang='lat' dir='ltr'>perpetuoque</span> <span class='ocrx_word' id='word_1_184' title='bbox 692 3129 773 3192; x_wconf 86' lang='lat' dir='ltr'>usn,</span> <span class='ocrx_word' id='word_1_185' title='bbox 794 3131 814 3178; x_wconf 87' lang='lat' dir='ltr'>a</span> <span class='ocrx_word' id='word_1_186' title='bbox 836 3131 901 3199; x_wconf 83' lang='lat' dir='ltr'>qno</span> <span class='ocrx_word' id='word_1_187' title='bbox 922 3131 1018 3182; x_wconf 87' lang='lat' dir='ltr'>nemo</span> <span class='ocrx_word' id='word_1_188' title='bbox 1037 3129 1190 3198; x_wconf 79' lang='lat' dir='ltr'>umquem</span> <span class='ocrx_word' id='word_1_189' title='bbox 1209 3109 1355 3178; x_wconf 78' lang='lat' dir='ltr'>descivit.</span> <span class='ocrx_word' id='word_1_190' title='bbox 1400 3112 1452 3178; x_wconf 91' lang='lat' dir='ltr'>ln-</span> 
     </span>
     <span class='ocr_line' id='line_1_25' title="bbox 267 3214 1452 3303; baseline 0.002 -21"><span class='ocrx_word' id='word_1_191' title='bbox 267 3216 383 3303; x_wconf 86' lang='lat' dir='ltr'>splciat</span> <span class='ocrx_word' id='word_1_192' title='bbox 404 3216 485 3285; x_wconf 84' lang='lat' dir='ltr'>milri</span> <span class='ocrx_word' id='word_1_193' title='bbox 504 3217 622 3303; x_wconf 87' lang='lat' dir='ltr'>aliquis</span> <span class='ocrx_word' id='word_1_194' title='bbox 646 3216 758 3286; x_wconf 73' lang='lat' dir='ltr'>orso:</span> <span class='ocrx_word' id='word_1_195' title='bbox 782 3218 960 3288; x_wconf 83' lang='lat' dir='ltr'>orationem</span> <span class='ocrx_word' id='word_1_196' title='bbox 977 3215 1092 3293; x_wconf 83' lang='lat' dir='ltr'>XXII,</span> <span class='ocrx_word' id='word_1_197' title='bbox 1116 3214 1238 3284; x_wconf 80' lang='lat' dir='ltr'>ridebit</span> <span class='ocrx_word' id='word_1_198' title='bbox 1257 3219 1452 3284; x_wconf 71' lang='grc' dir='ltr'><strong><em>συνωνεῖσθαι</em></strong></span> 
     </span>
     <span class='ocr_line' id='line_1_26' title="bbox 266 3320 1453 3409; baseline 0.003 -21"><span class='ocrx_word' id='word_1_199' title='bbox 266 3328 300 3388; x_wconf 90' lang='lat' dir='ltr'>et</span> <span class='ocrx_word' id='word_1_200' title='bbox 322 3322 534 3403; x_wconf 80' lang='grc' dir='ltr'><strong><em>σομτρίοισοοι</em></strong></span> <span class='ocrx_word' id='word_1_201' title='bbox 556 3323 676 3409; x_wconf 78' lang='lat' dir='ltr'>passim</span> <span class='ocrx_word' id='word_1_202' title='bbox 700 3324 764 3392; x_wconf 90' lang='lat' dir='ltr'>sibi</span> <span class='ocrx_word' id='word_1_203' title='bbox 778 3324 865 3391; x_wconf 88' lang='lat' dir='ltr'>inter</span> <span class='ocrx_word' id='word_1_204' title='bbox 882 3342 919 3391; x_wconf 89' lang='lat' dir='ltr'>se</span> <span class='ocrx_word' id='word_1_205' title='bbox 937 3320 1152 3409; x_wconf 86' lang='lat' dir='ltr'>respondero,</span> <span class='ocrx_word' id='word_1_206' title='bbox 1176 3327 1214 3388; x_wconf 93' lang='lat' dir='ltr'>nt</span> <span class='ocrx_word' id='word_1_207' title='bbox 1233 3323 1352 3389; x_wconf 86' lang='lat' dir='ltr'>aoristo</span> <span class='ocrx_word' id='word_1_208' title='bbox 1363 3341 1453 3409; x_wconf 87' lang='lat' dir='ltr'>prae·</span> 
     </span>
     <span class='ocr_line' id='line_1_27' title="bbox 268 3425 1453 3516; baseline 0.003 -22"><span class='ocrx_word' id='word_1_209' title='bbox 268 3445 351 3494; x_wconf 80' lang='lat' dir='ltr'>sons.</span> <span class='ocrx_word' id='word_1_210' title='bbox 387 3426 456 3516; x_wconf 68' lang='lat' dir='ltr'>§d</span> <span class='ocrx_word' id='word_1_211' title='bbox 479 3429 495 3493; x_wconf 80' lang='lat' dir='ltr'>d</span> <span class='ocrx_word' id='word_1_212' title='bbox 521 3427 610 3507; x_wconf 81' lang='grc' dir='ltr'><strong><em>νάμοο</em></strong></span> <span class='ocrx_word' id='word_1_213' title='bbox 638 3428 831 3511; x_wconf 57' lang='lat' dir='ltr'>exarando</span> <span class='ocrx_word' id='word_1_214' title='bbox 851 3426 971 3506; x_wconf 73' lang='grc' dir='ltr'><strong><em>μηδὲνιι</em></strong></span> <span class='ocrx_word' id='word_1_215' title='bbox 991 3426 1185 3494; x_wconf 80' lang='grc' dir='ltr'><strong><em>οννιονεῖσάοοι</em></strong></span> <span class='ocrx_word' id='word_1_216' title='bbox 1208 3432 1242 3494; x_wconf 83' lang='lat' dir='ltr'>et</span> <span class='ocrx_word' id='word_1_217' title='bbox 1265 3425 1290 3515; x_wconf 77' lang='lat'>§</span> <span class='ocrx_word' id='word_1_218' title='bbox 1312 3432 1341 3493; x_wconf 88' lang='grc'>7.</span> <span class='ocrx_word' id='word_1_219' title='bbox 1366 3425 1453 3505; x_wconf 77' lang='grc' dir='ltr'><strong><em>οὗτος</em></strong></span> 
     </span>
     <span class='ocr_line' id='line_1_28' title="bbox 266 3529 1453 3614; baseline 0.003 -17"><span class='ocrx_word' id='word_1_220' title='bbox 266 3532 325 3610; x_wconf 76' lang='grc' dir='ltr'>μὲν</span> <span class='ocrx_word' id='word_1_221' title='bbox 354 3533 505 3612; x_wconf 72' lang='grc' dir='ltr'><strong><em>ὁμολογεῖ</em></strong></span> <span class='ocrx_word' id='word_1_222' title='bbox 525 3531 760 3614; x_wconf 66' lang='lat' dir='ltr'>conspicetur,</span> <span class='ocrx_word' id='word_1_223' title='bbox 798 3541 812 3603; x_wconf 75' lang='grc' dir='ltr'><strong><em>ὅ</em></strong></span> <span class='ocrx_word' id='word_1_224' title='bbox 839 3531 871 3598; x_wconf 72' lang='grc' dir='ltr'>δὲ</span> <span class='ocrx_word' id='word_1_225' title='bbox 902 3530 993 3610; x_wconf 75' lang='grc' dir='ltr'><strong><em>νόμος</em></strong></span> <span class='ocrx_word' id='word_1_226' title='bbox 1023 3529 1227 3613; x_wconf 76' lang='grc' dir='ltr'><strong><em>άποιγοροάοιν</em></strong></span> <span class='ocrx_word' id='word_1_227' title='bbox 1245 3530 1396 3614; x_wconf 82' lang='grc' dir='ltr'><strong><em>Φοάνετοιι</em></strong></span> <span class='ocrx_word' id='word_1_228' title='bbox 1419 3543 1453 3601; x_wconf 82' lang='lat' dir='ltr'>et</span> 
     </span>
     <span class='ocr_line' id='line_1_29' title="bbox 267 3634 1455 3720; baseline 0.003 -20"><span class='ocrx_word' id='word_1_229' title='bbox 267 3636 316 3702; x_wconf 89' lang='lat' dir='ltr'>sic</span> <span class='ocrx_word' id='word_1_230' title='bbox 342 3643 531 3704; x_wconf 78' lang='lat' dir='ltr'>constanter</span> <span class='ocrx_word' id='word_1_231' title='bbox 563 3642 688 3702; x_wconf 88' lang='lat' dir='ltr'>veteres</span> <span class='ocrx_word' id='word_1_232' title='bbox 722 3653 834 3702; x_wconf 88' lang='lat' dir='ltr'>omnes</span> <span class='ocrx_word' id='word_1_233' title='bbox 866 3634 1054 3720; x_wconf 84' lang='lat' dir='ltr'>loquuntur.</span> <span class='ocrx_word' id='word_1_234' title='bbox 1102 3636 1307 3704; x_wconf 82' lang='lat' dir='ltr'>Recentiores</span> <span class='ocrx_word' id='word_1_235' title='bbox 1344 3639 1455 3706; x_wconf 73' lang='grc' dir='ltr'><strong><em>θνατοί</em></strong></span> 
     </span>
     <span class='ocr_line' id='line_1_30' title="bbox 266 3736 1456 3826; baseline 0.006 -23"><span class='ocrx_word' id='word_1_236' title='bbox 266 3745 443 3826; x_wconf 80' lang='lat' dir='ltr'>coeperunt</span> <span class='ocrx_word' id='word_1_237' title='bbox 464 3736 646 3816; x_wconf 77' lang='grc' dir='ltr'><strong><em>ἕοινηοάμην</em></strong></span> <span class='ocrx_word' id='word_1_238' title='bbox 673 3746 707 3806; x_wconf 86' lang='lat' dir='ltr'>ot</span> <span class='ocrx_word' id='word_1_239' title='bbox 726 3737 892 3818; x_wconf 71' lang='grc' dir='ltr'><strong><em>ὠνησάμην</em></strong></span> <span class='ocrx_word' id='word_1_240' title='bbox 915 3737 1041 3817; x_wconf 76' lang='lat' dir='ltr'>diocte,</span> <span class='ocrx_word' id='word_1_241' title='bbox 1065 3739 1141 3808; x_wconf 86' lang='lat' dir='ltr'>hino</span> <span class='ocrx_word' id='word_1_242' title='bbox 1165 3741 1198 3807; x_wconf 89' lang='lat' dir='ltr'>in</span> <span class='ocrx_word' id='word_1_243' title='bbox 1219 3739 1311 3810; x_wconf 81' lang='lat' dir='ltr'>libris</span> <span class='ocrx_word' id='word_1_244' title='bbox 1331 3741 1456 3810; x_wconf 76' lang='lat' dir='ltr'>Altiniu-</span> 
     </span>
     <span class='ocr_line' id='line_1_31' title="bbox 267 3842 1469 3936; baseline 0.002 -24"><span class='ocrx_word' id='word_1_245' title='bbox 267 3857 373 3912; x_wconf 81' lang='lat' dir='ltr'>torum</span> <span class='ocrx_word' id='word_1_246' title='bbox 403 3843 642 3930; x_wconf 72' lang='lat' dir='ltr'>permiscentur</span> <span class='ocrx_word' id='word_1_247' title='bbox 672 3850 704 3910; x_wconf 89' lang='lat' dir='ltr'>et</span> <span class='ocrx_word' id='word_1_248' title='bbox 733 3842 978 3911; x_wconf 81' lang='lat' dir='ltr'>contunduntur</span> <span class='ocrx_word' id='word_1_249' title='bbox 1007 3842 1160 3926; x_wconf 84' lang='grc' dir='ltr'><strong><em>ἐπριάμην</em></strong></span> <span class='ocrx_word' id='word_1_250' title='bbox 1195 3853 1228 3912; x_wconf 90' lang='lat' dir='ltr'>et</span> <span class='ocrx_word' id='word_1_251' title='bbox 1261 3846 1469 3936; x_wconf 64' lang='grc' dir='ltr'>ιὲοινησάμην.Ι</span> 
     </span>
     <span class='ocr_line' id='line_1_32' title="bbox 267 3947 1453 4036; baseline 0.003 -18"><span class='ocrx_word' id='word_1_252' title='bbox 267 3950 437 4036; x_wconf 85' lang='lat' dir='ltr'>Scriptura</span> <span class='ocrx_word' id='word_1_253' title='bbox 475 3947 626 4036; x_wconf 76' lang='lat' dir='ltr'>frequens</span> <span class='ocrx_word' id='word_1_254' title='bbox 662 3948 695 4016; x_wconf 90' lang='lat' dir='ltr'>iu</span> <span class='ocrx_word' id='word_1_255' title='bbox 728 3948 820 4015; x_wconf 86' lang='lat' dir='ltr'>libris</span> <span class='ocrx_word' id='word_1_256' title='bbox 849 3949 1000 4032; x_wconf 79' lang='grc' dir='ltr'><strong><em>ἕτριῖιτο,</em></strong></span> <span class='ocrx_word' id='word_1_257' title='bbox 1037 3952 1184 4031; x_wconf 80' lang='grc' dir='ltr'><strong><em>τριάσάοιι</em></strong></span> <span class='ocrx_word' id='word_1_258' title='bbox 1220 3971 1301 4018; x_wconf 87' lang='lat' dir='ltr'>novo</span> <span class='ocrx_word' id='word_1_259' title='bbox 1332 3953 1453 4021; x_wconf 85' lang='lat' dir='ltr'>indicio</span> 
     </span>
     <span class='ocr_line' id='line_1_33' title="bbox 267 4052 1455 4145; baseline 0.002 -21"><span class='ocrx_word' id='word_1_260' title='bbox 267 4064 339 4135; x_wconf 87' lang='lat' dir='ltr'>est,</span> <span class='ocrx_word' id='word_1_261' title='bbox 362 4073 459 4142; x_wconf 87' lang='lat' dir='ltr'>quarn</span> <span class='ocrx_word' id='word_1_262' title='bbox 494 4054 598 4140; x_wconf 75' lang='lat' dir='ltr'>ignari</span> <span class='ocrx_word' id='word_1_263' title='bbox 622 4052 738 4121; x_wconf 85' lang='lat' dir='ltr'>barum</span> <span class='ocrx_word' id='word_1_264' title='bbox 768 4052 944 4128; x_wconf 77' lang='lat' dir='ltr'>formarum</span> <span class='ocrx_word' id='word_1_265' title='bbox 976 4054 1125 4124; x_wconf 78' lang='lat' dir='ltr'>Graeculi</span> <span class='ocrx_word' id='word_1_266' title='bbox 1160 4054 1291 4129; x_wconf 85' lang='lat' dir='ltr'>inerint.</span> <span class='ocrx_word' id='word_1_267' title='bbox 1344 4057 1455 4145; x_wconf 84' lang='lat' dir='ltr'>ltaque</span> 
     </span>
     <span class='ocr_line' id='line_1_34' title="bbox 200 4157 1456 4252; baseline 0.002 -23"><span class='ocrx_word' id='word_1_268' title='bbox 200 4248 203 4252; x_wconf 10' lang='grc' dir='ltr'><strong>λ</strong></span> <span class='ocrx_word' id='word_1_269' title='bbox 268 4158 433 4240; x_wconf 71' lang='grc' dir='ltr'><strong><em>ὠνησάμην</em></strong></span> <span class='ocrx_word' id='word_1_270' title='bbox 457 4166 490 4228; x_wconf 84' lang='lat' dir='ltr'>ot</span> <span class='ocrx_word' id='word_1_271' title='bbox 513 4157 667 4241; x_wconf 80' lang='grc' dir='ltr'><strong><em>ἐπριάμην</em></strong></span> <span class='ocrx_word' id='word_1_272' title='bbox 695 4167 824 4228; x_wconf 72' lang='lat' dir='ltr'>mutant</span> <span class='ocrx_word' id='word_1_273' title='bbox 842 4159 971 4235; x_wconf 84' lang='lat' dir='ltr'>locum,</span> <span class='ocrx_word' id='word_1_274' title='bbox 996 4159 1160 4241; x_wconf 79' lang='grc' dir='ltr'><strong><em>ὠνησάμην</em></strong></span> <span class='ocrx_word' id='word_1_275' title='bbox 1178 4169 1288 4230; x_wconf 81' lang='lat' dir='ltr'>autem</span> <span class='ocrx_word' id='word_1_276' title='bbox 1320 4162 1456 4231; x_wconf 84' lang='lat' dir='ltr'>subinde</span> 
     </span>
     <span class='ocr_line' id='line_1_35' title="bbox 268 4264 1456 4355; baseline 0.001 -22"><span class='ocrx_word' id='word_1_277' title='bbox 268 4265 354 4354; x_wconf 91' lang='lat' dir='ltr'>apud</span> <span class='ocrx_word' id='word_1_278' title='bbox 375 4286 449 4346; x_wconf 86' lang='lat' dir='ltr'>eos,</span> <span class='ocrx_word' id='word_1_279' title='bbox 468 4266 524 4352; x_wconf 88' lang='lat' dir='ltr'>qui</span> <span class='ocrx_word' id='word_1_280' title='bbox 548 4264 628 4332; x_wconf 90' lang='lat' dir='ltr'>nihil</span> <span class='ocrx_word' id='word_1_281' title='bbox 650 4266 816 4350; x_wconf 79' lang='lat' dir='ltr'>cogitant,</span> <span class='ocrx_word' id='word_1_282' title='bbox 841 4265 987 4352; x_wconf 88' lang='lat' dir='ltr'>subrepit</span> <span class='ocrx_word' id='word_1_283' title='bbox 1006 4285 1063 4352; x_wconf 92' lang='lat' dir='ltr'>pro</span> <span class='ocrx_word' id='word_1_284' title='bbox 1086 4266 1228 4345; x_wconf 78' lang='grc' dir='ltr'><strong><em>ὠνάμην,</em></strong></span> <span class='ocrx_word' id='word_1_285' title='bbox 1254 4267 1339 4354; x_wconf 83' lang='lat' dir='ltr'>qnod</span> <span class='ocrx_word' id='word_1_286' title='bbox 1355 4276 1387 4334; x_wconf 91' lang='lat' dir='ltr'>et</span> <span class='ocrx_word' id='word_1_287' title='bbox 1410 4268 1456 4355; x_wconf 91' lang='lat' dir='ltr'>ip·</span> 
     </span>
     <span class='ocr_line' id='line_1_36' title="bbox 268 4355 1454 4458; baseline 0.003 -22"><span class='ocrx_word' id='word_1_288' title='bbox 268 4390 341 4439; x_wconf 89' lang='lat' dir='ltr'>snm</span> <span class='ocrx_word' id='word_1_289' title='bbox 364 4372 540 4439; x_wconf 86' lang='lat' dir='ltr'>amiserant</span> <span class='ocrx_word' id='word_1_290' title='bbox 563 4355 733 4448; x_wconf 77' lang='lat' dir='ltr'>Graeculi,</span> <span class='ocrx_word' id='word_1_291' title='bbox 757 4370 884 4456; x_wconf 83' lang='lat' dir='ltr'>qui&#39;rel</span> <span class='ocrx_word' id='word_1_292' title='bbox 904 4369 1074 4450; x_wconf 83' lang='grc' dir='ltr'><strong><em>άνσσάμην</em></strong></span> <span class='ocrx_word' id='word_1_293' title='bbox 1093 4371 1203 4438; x_wconf 88' lang='lat' dir='ltr'>eodem</span> <span class='ocrx_word' id='word_1_294' title='bbox 1224 4391 1321 4438; x_wconf 90' lang='lat' dir='ltr'>sensu</span> <span class='ocrx_word' id='word_1_295' title='bbox 1344 4391 1454 4458; x_wconf 88' lang='lat' dir='ltr'>coepe·</span> 
     </span>
     <span class='ocr_line' id='line_1_37' title="bbox 266 4474 1447 4562; baseline -0.001 -20"><span class='ocrx_word' id='word_1_296' title='bbox 266 4485 344 4546; x_wconf 89' lang='lat' dir='ltr'>runt</span> <span class='ocrx_word' id='word_1_297' title='bbox 361 4475 793 4554; x_wconf 83' lang='lat' dir='ltr'>dicere,nt1irosconrnesin</span> <span class='ocrx_word' id='word_1_298' title='bbox 813 4475 940 4542; x_wconf 82' lang='lat' dir='ltr'>Aotbol.</span> <span class='ocrx_word' id='word_1_299' title='bbox 959 4476 1064 4542; x_wconf 86' lang='lat' dir='ltr'>Groee.</span> <span class='ocrx_word' id='word_1_300' title='bbox 1079 4475 1193 4540; x_wconf 79' lang='lat' dir='ltr'>laeuus.</span> <span class='ocrx_word' id='word_1_301' title='bbox 1213 4474 1279 4542; x_wconf 90' lang='lat' dir='ltr'>Vol.</span> <span class='ocrx_word' id='word_1_302' title='bbox 1292 4474 1317 4542; x_wconf 84' lang='lat'>1.</span> <span class='ocrx_word' id='word_1_303' title='bbox 1340 4496 1368 4562; x_wconf 90' lang='lat' dir='ltr'>p.</span> <span class='ocrx_word' id='word_1_304' title='bbox 1388 4480 1447 4542; x_wconf 70' lang='lat' dir='ltr'>tbi</span> 
     </span>
    </p>

    <p class='ocr_par' dir='ltr' id='par_1_7' title="bbox 426 4579 1252 4664">
     <span class='ocr_line' id='line_1_38' title="bbox 426 4579 1252 4664; baseline -0.005 -14"><span class='ocrx_word' id='word_1_305' title='bbox 426 4581 525 4650; x_wconf 76' lang='grc' dir='ltr'><strong><em>Πέντε</em></strong></span> <span class='ocrx_word' id='word_1_306' title='bbox 548 4580 639 4664; x_wconf 81' lang='grc' dir='ltr'><strong><em>ιιάροις</em></strong></span> <span class='ocrx_word' id='word_1_307' title='bbox 663 4579 716 4645; x_wconf 75' lang='lat' dir='ltr'>cni</span> <span class='ocrx_word' id='word_1_308' title='bbox 740 4580 835 4648; x_wconf 74' lang='grc' dir='ltr'><strong><em>πέντε</em></strong></span> <span class='ocrx_word' id='word_1_309' title='bbox 858 4581 915 4648; x_wconf 75' lang='lat' dir='ltr'>orb</span> <span class='ocrx_word' id='word_1_310' title='bbox 939 4580 1094 4658; x_wconf 78' lang='grc' dir='ltr'><strong><em>Διδάμοινι</em></strong></span> <span class='ocrx_word' id='word_1_311' title='bbox 1120 4584 1252 4647; x_wconf 76' lang='grc' dir='ltr'><strong><em>τεκοῦσά</em></strong></span> 
     </span>
    </p>
   </div>
   <div class='ocr_carea' id='block_1_3' title="bbox 500 4682 1167 4768">
    <p class='ocr_par' dir='ltr' id='par_1_8' title="bbox 500 4682 1167 4768">
     <span class='ocr_line' id='line_1_39' title="bbox 500 4682 1167 4768; baseline -0.003 -16"><span class='ocrx_word' id='word_1_312' title='bbox 500 4683 631 4768; x_wconf 73' lang='grc' dir='ltr'><strong><em>,άρσενιιο</em></strong></span> <span class='ocrx_word' id='word_1_313' title='bbox 654 4685 721 4754; x_wconf 75' lang='grc' dir='ltr'><strong><em>οὐδὲ</em></strong></span> <span class='ocrx_word' id='word_1_314' title='bbox 744 4690 821 4764; x_wconf 76' lang='grc' dir='ltr'><strong><em>μιάο</em></strong></span> <span class='ocrx_word' id='word_1_315' title='bbox 844 4685 906 4756; x_wconf 72' lang='grc' dir='ltr'><strong><em>οὐδ’</em></strong></span> <span class='ocrx_word' id='word_1_316' title='bbox 929 4685 992 4758; x_wconf 81' lang='grc' dir='ltr'><strong><em>ἑνὸς</em></strong></span> <span class='ocrx_word' id='word_1_317' title='bbox 1016 4682 1167 4752; x_wconf 82' lang='grc' dir='ltr'><strong><em>άνάσοιτο.</em></strong></span> 
     </span>
    </p>
   </div>
   <div class='ocr_carea' id='block_1_4' title="bbox 0 0 1902 5717">
    <p class='ocr_par' dir='ltr' id='par_1_9' title="bbox 0 0 1902 5717">
     <span class='ocr_line' id='line_1_40' title="bbox 0 0 1902 5717; baseline 0 0"><span class='ocrx_word' id='word_1_318' title='bbox 0 0 1902 5717; x_wconf 95' lang='lat' dir='ltr'> </span> 
     </span>
    </p>
   </div>
  </div>
 </body>
</html>
