3767 5717
142 4632 145 4805 l

857 624 923 688 669

309 823 428 887 ἔπαισα
455 817 627 897 dicebaut,
660 831 693 883 ct
719 817 846 895 πλήξω,
874 815 1024 893 loannes,
1054 826 1086 880 et
1106 815 1213 895 τύψας
1233 824 1267 877 et
1287 811 1480 892 τετυμμένος

311 929 488 1016 (litescunt.
516 923 655 987 Idumen.
677 924 752 986 509.
772 919 920 1001 ξυμφορᾷ
946 913 1153 1003 τετυμμένος)
1175 927 1208 980 et
1230 935 1324 1004 saepe
1345 913 1480 989 έτύπννι

310 1040 472 1111 πλννήνοοι
499 1043 532 1096 et
556 1029 692 1112 πληγείς
722 1038 754 1091 ct
780 1026 973 1103 πέπληγμαι
996 1023 1081 1113 apud
1101 1045 1154 1088 eos
1174 1019 1284 1086 crebra
1304 1029 1395 1097 sunt,
1427 1017 1482 1082 sed

310 1136 433 1201 addunt
458 1134 612 1205 ταιοθείς.
662 1133 844 1196 tuumninas
868 1113 979 1194 ἔτυπον
1005 1129 1118 1194 dixisse
1140 1128 1265 1198 uidetur
1283 1127 1316 1190 in
1336 1125 1418 1190 Ione
1437 1147 1483 1190 va.

314 1246 396 1321 767,
422 1241 476 1305 ubi
501 1252 564 1304 tres
587 1249 670 1302 sunt*
684 1235 843 1302 dochmii:

445 1374 601 1445 διανταῖος
625 1371 737 1436 ἔτυπεν
761 1370 853 1435 θδύνα
876 1393 919 1448 με
942 1367 1117 1447 πνευμόνων
1141 1369 1227 1432 τῶνδ’
1251 1363 1320 1429 ἔοοο.

314 1508 402 1600 quod
432 1509 554 1574 dictum
583 1520 630 1573 est
659 1518 690 1572 et
714 1507 885 1571 formatum
905 1501 944 1569 ad
967 1501 1210 1569 similitudinem
1232 1499 1360 1579 talium,
1389 1495 1484 1591 quale
1551 1491 1553 1496 ’

314 1628 362 1680 est
386 1615 419 1680 in
444 1614 630 1680 Scunncus
652 1616 819 1704 Antigone
843 1636 886 1677 vs.
914 1614 1010 1678 1308.

504 1710 507 1718 Ι
577 1734 717 1798 οὶνέπταν
741 1733 844 1814 Φόβῳ.
869 1732 901 1796 τέ
924 1735 960 1811 μ’
980 1707 1195 1818 'attentatas

581 1837 709 1903 ἔπτυσεν
733 1862 780 1909 τις
805 1839 995 1919 ἀμφιθήκτῳ
1020 1835 1118 1918 ξίφει.

223 1955 226 1960 ’
314 1970 377 2037 Sed
394 1971 478 2036 male
497 1971 638 2038 deseruit
656 1994 747 2037 usum
766 1970 923 2061 loquendi
943 1983 979 2036 ut
995 1970 1142 2035 fallacem
1160 1966 1337 2052 analogiam
1358 1964 1487 2029 incaute

313 2088 518 2167 sequeretur3
547 2076 667 2142 ἔπαισα
688 2078 826 2142 ύντοιθαν
857 2090 891 2142 et
920 2077 1065 2141 ούντοοέαν·
1085 2073 1317 2149 gualvaneum
1348 2070 1487 2146 habeut,

314 2181 425 2247 ἔτυπον
455 2181 537 2248 nihil
567 2173 614 2248 cst
641 2194 771 2248 etcum
801 2182 937 2247 formam
966 2180 1109 2272 analogia
1135 2179 1255 2269 pariter
1283 2188 1315 2243 at
1343 2199 1418 2242 usus
1437 2195 1487 2240 re-

314 2298 443 2376 spuunt.
492 2288 639 2354 Peccavit
662 2283 780 2376 igitur,
804 2299 841 2352 ut
866 2288 1070 2354 Ausonium
1097 2286 1235 2352 vidimus
1259 2285 1291 2350 iu
1317 2284 1391 2356 κθεις
1411 2303 1488 2373 ροοε

315 2406 456 2471 cantem,
476 2408 508 2459 et
521 2395 701 2484 saepissime
719 2395 887 2458 τέθεινται
903 2401 1080 2482 poetastros
1094 2391 1323 2456 Alexandrinos
1341 2409 1488 2480 peccare,

317 2499 375 2588 qui
402 2499 569 2585 antiquam
593 2499 735 2585 linguam
756 2496 1068 2561 vatumtonicorum
1093 2496 1249 2560 laboriose
1269 2494 1387 2559 relerre
1406 2503 1489 2557 sata-

316 2603 456 2692 gebant,
474 2602 530 2667 scd
549 2603 581 2666 iu
605 2605 641 2667 eu
661 2625 697 2667 re
715 2602 891 2667 identidem
911 2603 1110 2692 impingunt,
1135 2614 1171 2666 ut
1191 2600 1435 2668 Gunttuacntts
1452 2601 1490 2662 ιἰι

316 2707 467 2773 Dianam
496 2731 540 2773 as.
561 2710 600 2771 61
623 2708 805 2785 ύμβολαδθς
831 2709 1020 2780 τεπύτοντες
1040 2709 1174 2798 pessime
1195 2721 1228 2773 et
1248 2707 1338 2773 nullu
1359 2715 1489 2770 auctore
1520 2789 1522 2796 Ι

316 2815 442 2905 scripsit
455 2837 513 2904 pro
533 2814 715 2885 τύπτοντες.
744 2811 837 2902 Apud
857 2817 1025 2885 Houuuuu
1042 2815 1172 2878 τύπτειν
1191 2825 1223 2878 et
1233 2812 1370 2892 βάλλειν
1381 2811 1423 2876 ita
1437 2810 1489 2875 iu·

316 2932 414 2985 tersa
431 2930 648 3009 opponuntur,
664 2930 700 2983 ut
716 2918 778 2984 hcc
793 2919 834 2982 sit
853 2922 1000 2998 eminus,
1017 2918 1098 2983 illud
1115 2920 1393 3007 cominusferirc;
1413 2927 1488 2982 uota

316 3039 391 3092 sunt
418 3025 503 3116 apud
529 3046 601 3089 eum
623 3023 730 3103 τύψας
757 3025 790 3099 ήὲ
810 3025 940 3102 βαλών,
965 3024 1123 3101 βλήμενος
1154 3024 1186 3098 ἠὲ
1210 3023 1339 3096 τυπείς,
1366 3023 1382 3099 ἢ
1409 3021 1486 3102 δουρὶ

314 3132 424 3204 τυπεὶς
445 3132 463 3208 ἢ
484 3131 642 3208 βλήμενος
659 3129 708 3209 ἰῷ,
729 3127 839 3208 simil„
858 3128 930 3194 aide
950 3127 1126 3192 Lufluswu
1141 3128 1183 3192 de
1196 3128 1402 3193 Aristarchi
1414 3135 1488 3191 stat-

313 3238 384 3302 da'c's
406 3235 596 3301 Homericis
613 3238 645 3323 p.'
665 3236 717 3300 62.
751 3234 846 3325 Apud
868 3233 1080 3300 ilsunnoruu
1100 3231 1198 3313 ἔτυψε
1218 3233 1334 3322 legitur
1352 3231 1411 3299 lll.
1433 3236 1487 3298 δίει

313 3342 495 3420 Καμβύσεα
528 3338 627 3419 ἔτυψε
662 3341 680 3413 ή
707 3339 839 3414 ύλνθνέή
870 3345 930 3403 τῶν
958 3338 1077 3416 λέγων,
1108 3349 1242 3428 etpost
1268 3359 1372 3428 ¹paum
1398 3335 1435 3409 ύς
1460 3339 1486 3401 οἱ
1587 3324 1590 3329 ’

314 3446 415 3525 καιρίμ
451 3443 534 3520 ἔδοξε
571 3443 745 3523 τετύφθαι,
777 3445 810 3507 in
838 3467 902 3533 quo
933 3445 1006 3508 loco
1026 3444 1230 3536 manifestum
1250 3446 1363 3511 vitium
1383 3444 1487 3521 inest,

318 3549 405 3640 quod
435 3572 499 3638 quo
528 3547 643 3612 melius
663 3554 813 3637 appareat
831 3561 863 3614 et
883 3550 1018 3614 certiore
1041 3550 1264 3614 emendatione
1287 3550 1418 3614 tollatur
1437 3571 1487 3613 res

316 3655 488 3746 repetenda
510 3663 558 3717 est
575 3651 673 3742 paulo
694 3651 799 3718 altius.
845 3652 1001 3719 Graecum
1022 3665 1069 3718 est
1089 3655 1198 3718 τύπτω
1222 3655 1293 3718 τινα
1312 3654 1439 3732 πληγήν
1455 3665 1487 3716 ct

312 3759 466 3843 μλήγοές,
491 3769 525 3821 ut
554 3756 637 3819 νθτον
657 3760 748 3828 νοσῶ,
765 3756 876 3837 Φεύγω
896 3761 1023 3840 φυγήν,
1046 3779 1197 3846 namque,
1219 3767 1369 3848 utsupra
1390 3757 1488 3823 verbo

315 3862 469 3938 diximus,
499 3883 562 3924 non
583 3871 631 3923 est
650 3881 768 3923 nomen
794 3883 812 3924 e
836 3862 945 3926 πύττιι
972 3875 1100 3941 uatum,
1124 3862 1211 3953 quod
1234 3864 1331 3928 aerbo
1352 3885 1487 3952 respun-

313 3969 408 4050 dcat,
442 3966 497 4032 sed
526 3964 656 4030 aliunde
673 3977 877 4053 assumtum}
901 3979 936 4030 nt
957 3967 1020 4040 ύδύς
1040 3979 1073 4032 et
1091 3968 1267 4057 composita
1289 3967 1385 4033 serbo
1408 3969 1486 4034 θένοιι

314 4086 348 4140 st
367 4073 550 4163 compositis
569 4070 763 4161 respondent
775 4072 809 4136 in
825 4072 903 4137 ἰέναι
921 4073 1003 4151 tun,
1019 4073 1117 4151 ἔξοδον
1134 4075 1266 4152 ἐξιέναι,
1287 4074 1411 4146 πολλὰς
1430 4097 1486 4138 πε-

315 4179 427 4262 ριοδους
448 4179 634 4257 περιελθεῖν,
658 4199 761 4266 neque
782 4177 860 4267 quid
881 4178 922 4242 sit
945 4178 1068 4256 μέθοδος
1087 4177 1223 4268 intelligi
1244 4179 1341 4269 plane
1360 4189 1487 4268 potest,

316 4286 377 4352 nisi
407 4285 486 4350 scias
518 4282 556 4347 ad
589 4283 737 4348 amussim
767 4306 886 4350 nomeu
915 4283 948 4347 id
982 4283 1081 4349 verbo
1113 4285 1253 4363 μετιέναι
1284 4283 1486 4374 respondere.

315 4390 429 4482 ltaque
448 4389 567 4455 Graece
586 4388 756 4454 dicendum
778 4400 841 4466 est,
866 4401 901 4453 ut
921 4387 1096 4455 Auruncu
1115 4388 1193 4455 dixit
1211 4414 1243 4480 p.
1266 4394 1348 4467 127,
1376 4391 1414 4452 13
1435 4388 1485 4455 τὸν

313 4495 409 4576 ἄνδρα
438 4495 598 4574 ὁμολογῶν
627 4495 757 4558 τύπτειν
785 4494 844 4566 τύις
871 4495 1002 4574 πλήγύος
1026 4495 1061 4573 ἐξ
1084 4491 1123 4560 ὧν
1146 4495 1316 4574 ἀπέθανεν,
1339 4506 1371 4558 et
1389 4493 1485 4559 Alut-

316 4617 487 4668 τοιουτου
508 4600 542 4665 iu
565 4601 659 4666 Pace
682 4622 724 4665 vs.
750 4602 826 4664 644.

438 4707 464 4770 οἱ
489 4707 521 4771 δὲ
544 4705 612 4778 nita-
628 4704 759 4783 πλήνθις
784 4704 928 4786 ὁρῶντες,
954 4704 993 4778 θος
1018 4706 1183 4785 ἔτύττεθ,
1208 4709 1233 4772 οἱ
1258 4706 1353 4784 ξένοι,
