3767 5717
972 599 1037 664 266

423 766 465 867 τί
490 798 549 866 ὑπὸ
576 805 616 882 τῇ
641 794 806 878 ἀκροπόλει
835 793 989 871 σπήλαιον
1014 795 1106 860 τοῦτο
1130 789 1391 872 ἀπολαβόμενος,
1425 791 1602 862 infeliciter

426 903 599 972 admodum
619 903 759 968 Brnxrn
777 898 1036 978 ἀποταμόμενοι,
1060 899 1148 990 quod
1166 910 1198 966 et
1217 897 1364 966 Ionicum
1384 911 1431 966 est
1451 911 1484 966 et
1502 900 1600 991 plane

425 1010 467 1076 ab
484 1010 546 1075 hoc
560 1019 748 1099 argumento
764 1005 915 1070 alienum.
938 1003 1068 1094 corrige
1083 1005 1365 1084 καταλαβόμενοςι
1383 1005 1448 1070 οίτί
1464 1017 1499 1071 et
1512 1006 1599 1074 ιοατοί

426 1116 589 1183 simillima
617 1126 692 1179 ncta
720 1113 898 1202 pinguntur
922 1120 956 1174 ct
975 1108 1275 1187 καταλαμβάνομαι
1297 1109 1391 1174 τίπσν
1416 1132 1474 1200 pro
1495 1132 1597 1177 κατα·

424 1219 585 1299 λαμβανιο
607 1219 720 1285 vitium
741 1229 789 1282 est
807 1215 955 1280 omnibus
974 1214 1174 1305 sequioribus
1192 1235 1364 1280 commune
1384 1227 1416 1280 et
1437 1216 1598 1308 frequens.

426 1328 522 1414 510.
554 1323 671 1405 τροίγον
692 1322 818 1403 ’ἔνορχιν
846 1320 939 1386 scrib.
969 1320 1108 1402 ἐνόρχην.
1147 1320 1350 1415 ΔιιιετνΔο.
1379 1324 1454 1387 669.
1487 1326 1600 1408 σέρφον

426 1430 554 1511 ε’νίρχην
575 1427 785 1512 σφαγιοίζειν,
816 1426 872 1492 ubi
895 1427 972 1492 clim
995 1424 1113 1506 ἔνορχιν
1134 1427 1309 1518 legebatur.
1346 1431 1363 1514 ς
1389 1433 1439 1497 12.
1468 1429 1599 1496 eroum

425 1533 503 1616 λεῴο
520 1533 614 1631 scrib.
624 1530 701 1614 λεῴ,
716 1544 749 1597 et
764 1533 1011 1610 κατατησίμεία
1023 1553 1083 1621 pre
1095 1533 1361 1612 καταςησιίμεία.
1381 1539 1464 1624 §20.
1482 1536 1599 1611 ἤκουον,

424 1653 513 1707 recte
544 1639 621 1706 cod.
642 1639 684 1705 M.
711 1639 812 1703 clxou'e
831 1637 865 1702 id
885 1650 932 1703 est
944 1637 1059 1726 fando
1079 1639 1199 1703 audivi
1217 1650 1295 1703 nuto
1316 1662 1385 1706 usu.
1417 1645 1437 1726 §
1460 1641 1512 1706 24.
1535 1665 1600 1706 τα·

425 1747 512 1825 τοίξα
529 1748 573 1828 τῷ
591 1745 692 1826 ξύλῳ,
711 1744 885 1810 rectissime
905 1742 984 1810 cod.
998 1743 1035 1808 Δ.
1059 1743 1211 1821 πατοίξαε
1231 1745 1274 1824 τῷ
1298 1744 1384 1828 ξύλῳ
1397 1783 1505 1824 -—-‚
1525 1767 1600 1810 nem

425 1851 592 1918 Incarus
622 1849 811 1917 sententiam
846 1871 912 1916 non
941 1847 1080 1914 absolsit
1108 1846 1162 1913 sed
1195 1849 1388 1939 necopinato
1421 1851 1598 1940 fugientem

298 1947 305 1961 ⁸
422 1958 633 2048 persequitur.
668 1961 686 2043 §
706 1957 759 2019 26.
781 1956 820 2025 ec
841 1958 1016 2037 προῄρημαι
1035 1954 1089 2019 καί
1107 1955 1312 2034 βεβούλημαι
1331 1960 1386 2032 την
1403 1960 1596 2039 κατηγορίαν

426 2066 520 2129 ε’ῖισαι
542 2062 747 2138 ποιήσασθαι,
765 2060 880 2150 supple
900 2060 977 2126 οὕτω
997 2063 1053 2137 την
1071 2062 1262 2143 κατηγορίαν
1284 2076 1467 2155 computato
1491 2065 1602 2130 bunu-

428 2186 552 2236 srnnnn
571 2193 602 2259 p.
623 2169 704 2243 226,
720 2167 768 2230 12.
794 2171 879 2254 527.
903 2167 1106 2243 ε’μνηςειίοντο
1126 2189 1239 2233 revoca
1255 2171 1432 2250 ἐμνηςευον.
1453 2171 1495 2237 cl.
1515 2173 1604 2256 529.

426 2273 648 2353 μνητενίντοιν.
674 2277 691 2359 §
712 2275 767 2336 33.
792 2270 980 2335 διπλασίονα
1003 2270 1202 2349 ἀποισόμενοι
1223 2273 1275 2338 τὸν
1298 2275 1422 2352 μισίίν,
1447 2277 1481 2341 in
1505 2277 1531 2342 A
1551 2287 1600 2342 est

425 2379 613 2444 διπλασίονα
637 2375 849 2454 ποιησόμενοι,
881 2373 970 2465 quod
998 2388 1110 2442 netum
1137 2399 1204 2442 csse
1230 2392 1362 2469 apparet
1380 2403 1416 2447 er
1435 2382 1600 2449 διπλοίσιον

427 2483 641 2562 οίποισίμενοιι
666 2481 822 2547 debuerat
840 2481 978 2546 scribere
998 2481 1149 2555 οἴσοντες,
1176 2505 1250 2548 nem
1270 2487 1377 2562 μισθὸν
1398 2487 1502 2570 φέρειν
1519 2487 1603 2556 bene

427 2588 585 2654 Graecum
616 2599 682 2667 est,
714 2610 780 2651 non
808 2586 1034 2669 ἀποφέρεσθαι.
1084 2586 1208 2654 Deinde
1232 2601 1421 2671 προσωπεῖον
1450 2594 1601 2670 ε’πὲίηκε,

310 2712 316 2719 ¹
426 2695 510 2760 male
531 2716 590 2784 pro
611 2692 784 2774 περιέίηκει
806 2690 904 2781 pculc
929 2702 1001 2781 post
1020 2714 1078 2782 pro
1098 2701 1281 2759 τελευταῖον
1299 2715 1419 2784 repone
1434 2703 1599 2764 τελευτῶν.

425 2803 513 2889 §34
533 2801 566 2864 οὐ
588 2797 710 2882 ποίντη,
737 2795 841 2861 ethic
861 2796 964 2862 scribe
984 2799 1016 2861 οὐ
1041 2794 1124 2862 ποίαν
1148 2820 1189 2877 τι.

472 2904 535 2990 Qui
564 2904 708 2993 sequitur
735 2904 818 2968 liber
844 2902 913 2983 περί
934 2901 1129 2983 παρασίτου,
1165 2900 1205 2967 de
1229 2925 1267 2968 ec
1288 2902 1365 2971 clim
1391 2929 1488 2997 quem
1509 2909 1603 3000 potui

426 3010 668 3101 diligentissime
698 3008 767 3098 egi,
800 3028 888 3072 nunc
917 3027 1019 3072 unum
1049 3016 1175 3097 tentum
1204 3006 1317 3074 vitium
1338 3034 1485 3104 arguam,
1514 3015 1603 3106 quod

428 3118 534 3185 'adhuc
564 3112 670 3181 nescio
700 3112 865 3204 quomodo
887 3110 998 3202 effugit
1027 3112 1060 3177 in
1083 3119 1100 3200 ς
1124 3120 1155 3179 4.
1179 3116 1213 3180 αί
1243 3119 1370 3197 πονηραί
1395 3120 1513 3202 χύτραι
1535 3123 1603 3186 δια·

427 3221 607 3304 κρουόμεναι
644 3221 689 3297 μη
725 3220 833 3300 σαθρὸν
871 3218 1155 3302 ὑποφθέγγωνται,
1194 3241 1311 3311 nempe
1344 3223 1602 3302 ἐπιφθέγγονται

327 3377 331 3382 .
431 3324 636 3424 scribendum
655 3337 716 3405 est,
736 3347 777 3390 nc
796 3323 849 3390 bic
868 3324 937 3414 ipse
955 3323 1045 3388 locus
1064 3333 1158 3387 sonet
1177 3330 1304 3394 vz’tr'um.
1328 3326 1372 3395 Ut
1391 3327 1475 3418 upud
1498 3329 1605 3393 Euru-

429 3448 535 3499 rrnrtt
558 3431 711 3521 scriptum
735 3430 839 3495 estin
863 3431 1063 3496 Phoenissis
1087 3451 1131 3496 vs.
1152 3433 1205 3496 92.

657 3535 790 3615 ἐπίσχες
814 3536 853 3606 ὥς
877 3533 916 3600 ἂν
940 3533 1183 3614 προύξερευννίσιο
1207 3534 1297 3614 τίβον

654 3641 771 3719 μήτις
795 3645 928 3704 πολιτῶν
952 3640 983 3703 ἕν
1006 3638 1103 3720 τρίβιρ
1127 3640 1342 3724 φαντοίζεται.

433 3749 479 3816 sic
507 3745 631 3813 ridebis
658 3757 690 3811 ct
716 3744 799 3835 cpud
824 3756 966 3810 caeteros
994 3765 1103 3810 omnes
1123 3756 1155 3812 et
1177 3745 1263 3836 apud
1284 3747 1464 3814 Luctrttutt
1482 3749 1527 3828 μή
1547 3746 1606 3816 illo

433 3877 527 3922 sensu
547 3849 761 3919 indicativum
777 3849 910 3929 hebere,
933 3862 970 3916 ut
992 3853 1049 3929 10,
1069 3853 1125 3928 16,
1142 3853 1173 3916 2.
1196 3848 1250 3932 ὅρα
1271 3854 1316 3930 μίν
1332 3853 1367 3918 τὸ
1387 3852 1522 3918 ἐναντίον
1539 3853 1602 3926 ru,

435 3965 499 4039 52,
517 3961 571 4023 29.
594 3954 650 4036 ίρα
672 3958 717 4035 μη
739 3955 833 4020 τοῦτό
852 3962 932 4038 φησι
956 3955 1135 4036 Τνχιοίδης.
1162 3960 1221 4035 33,
1241 3959 1294 4022 83.
1318 3960 1344 4023 cl
1367 3959 1400 4023 δὲ
1423 3957 1604 4022 ὑπώπτευον

435 4067 480 4146 μη
512 4058 575 4141 ἄρα
608 4062 642 4125 εἰι
674 4069 731 4135 τῆς
760 4059 848 4139 ἄγαν
874 4062 1036 4139 μιμιίσεας
1069 4062 1113 4133 είς
1139 4062 1195 4136 την
1226 4069 1280 4128 τοῦ
1312 4063 1427 4135 ποίίονς
1458 4063 1607 4138 οίλήίειαν

436 4167 613 4247 ὑπηνέχθη,
634 4178 667 4231 ct
686 4166 765 4232 elibi
785 4166 919 4256 saepius.
950 4165 1155 4257 Ubicumque
1180 4179 1287 4234 autem
1311 4169 1480 4234 metuendi
1496 4179 1528 4233 et
1550 4192 1607 4232 ca·

435 4273 538 4340 vendi
554 4272 644 4338 notio
662 4273 770 4338 subest
789 4273 1012 4338 coniunctirus
1029 4284 1077 4337 est
1096 4275 1307 4354 necessarius,
1331 4275 1440 4365 itaque
1458 4273 1607 4364 imperite

438 4383 659 4451 Furrzscmcs
688 4383 749 4456 52,
773 4382 826 4446 20.
860 4376 1038 4466 corrigebat
1068 4375 1122 4459 ι’ίρα
1150 4383 1195 4459 μή
1224 4403 1270 4446 σοι
1299 4381 1519 4460 μεταμελήσει
1549 4399 1610 4469 pro

436 4488 658 4570 μεταμεληση.

486 4589 526 4656 ln
544 4586 781 4656 Anacharside
801 4570 858 4666 46,
881 4589 910 4652 1.
932 4588 1090 4669 ἕχχίλιιεο
1109 4589 1203 4656 scrib.
1223 4588 1390 4670 ίμχίλειο,
1412 4589 1453 4656 cf.
1473 4591 1555 4679 §28
1579 4597 1613 4654 et

442 4699 482 4774 9,
502 4697 554 4772 11,
570 4697 602 4759 2.
626 4698 644 4782 ς
659 4694 709 4758 16.
729 4690 879 4774 προτίραι
899 4694 985 4761 mule
1005 4717 1067 4784 pru
1083 4695 1237 4777 πρίτερον.
1262 4701 1282 4782 §
1298 4698 1351 4762 25.
1368 4695 1508 4769 τοὺσκαὶ
1525 4719 1612 4776 χυμ-
