3767 5717
997 618 1036 680 84

317 839 324 861 .
423 800 534 864 ιι115.
581 790 702 860 Eadem
730 789 926 877 negligentia
952 791 985 856 in
1011 789 1105 856 verbo
1136 792 1235 860 λοόειν
1259 791 1370 858 lormis
1398 794 1504 879 probis
1528 806 1610 864 vate·

421 921 497 968 rum
527 898 695 966 substituit
727 895 847 962 formas
880 897 1056 982 aequiores.
1112 897 1247 986 Antiqui
1279 908 1464 968 constanter
1496 901 1609 970 breves

423 1004 548 1073 vocales
579 1012 650 1091 post
682 1001 915 1088 diphthongum
948 1000 1128 1079 elidebant,
1155 1007 1197 1074 ,ut
1222 1023 1315 1070 nemo
1350 1006 1462 1072 nescit.
1511 1009 1602 1076 bice-

421 1110 500 1178 hant
522 1109 615 1184 ἕλον,
636 1109 789 1189 ἐλοῦμεν,
807 1112 947 1186 λοῦμοοι,
980 1111 1123 1186 λοῦοόοιι,
1149 1108 1307 1187 λούμενος.
1355 1110 1503 1178 Graeculi
1527 1114 1607 1182 nihil

420 1215 538 1282 horum
560 1215 782 1281 reticuerunt:
816 1213 893 1280 hinc
927 1213 1093 1288 λοόετόνι,
1119 1213 1280 1296 λουόμενος
1305 1223 1338 1282 et
1359 1215 1478 1282 similia
1502 1218 1550 1283 vel
1575 1220 1609 1286 iu

352 1404 354 1409 ,
422 1320 656 1388 Atheniensium
686 1318 808 1404 scripta
830 1338 864 1387 ac
888 1319 1106 1388 insinuarunt.
1155 1319 1233 1400 Quis
1253 1317 1336 1386 ierat
1357 1321 1389 1388 iu
1415 1321 1506 1386 Lrsra
1523 1333 1603 1390 orat.

420 1426 436 1492 1
462 1424 537 1516 §b
561 1424 654 1491 ότότε
689 1423 872 1490 λούεσθαι
901 1423 960 1490 δέοι
985 1444 1042 1511 pro
1064 1423 1217 1492 λοῦοόοοιῖ
1242 1424 1278 1490 ln
1304 1425 1514 1494 Xnnoraonrrs
1534 1429 1608 1495 ttet-

422 1532 485 1600 όοιι.
510 1530 578 1598 Vll.
602 1551 637 1595 ιι.
662 1533 716 1597 bd.
729 1529 822 1596 bene
844 1529 1028 1598 llmoonnms
1050 1529 1152 1598 edidit
1178 1528 1424 1609 κατελάμβανον
1448 1535 1518 1608 τοὺς
1548 1536 1607 1614 μὲν

420 1635 586 1718 λονμένουο
615 1655 672 1720 pro
707 1633 865 1699 librorum
894 1635 1057 1722 scriptura
1094 1635 1284 1714 λουομένους.
1331 1634 1462 1704 Lucieno
1488 1641 1607 1724 passim

421 1741 482 1808 hae
510 1739 632 1809 formae
652 1747 729 1806 sunt
751 1739 981 1808 restituendae.
1012 1741 1129 1808 Editur
1147 1741 1274 1810 λούιτοι
1294 1744 1358 1819 bt,
1378 1745 1429 1810 19.
1454 1743 1607 1825 λονόμεόνι

421 1851 489 1924 26,
520 1850 576 1911 54.
608 1845 752 1910 λοῦεοόοιι
788 1849 928 1922 to,17.
961 1845 1109 1924 λουομένη
1135 1850 1172 1923 9,
1211 1851 1273 1921 15,
1302 1852 1330 1911 1.
1367 1846 1452 1916 ἔλουε
1488 1855 1548 1925 11,
1576 1857 1606 1920 7.

421 1951 584 2032 λουόμενος
620 1956 684 2026 57,
716 1954 768 2016 tt.
792 1957 824 2016 et
859 1954 922 2027 58,
955 1955 1008 2018 45.
1045 1951 1271 2030 συλλουομένην
1296 1955 1358 2030 67,
1392 1959 1434 2027 5,
1470 1957 1488 2018 ῦ
1520 1955 1607 2023 alibi.

421 2057 553 2125 Certum
582 2055 755 2140 vestigium
785 2053 907 2122 lormae
939 2058 1091 2143 antiquae
1119 2065 1251 2142 apparat
1275 2061 1336 2134 tc,
1364 2061 1384 2124 9
1407 2057 1461 2125 uhi
1482 2059 1607 2128 codices

421 2165 585 2230 λελοῦτόοι
604 2160 773 2238 exhibent,
807 2162 988 2247 requiritur
1003 2182 1154 2248 praesens
1173 2165 1311 2228 λοῦοόνι.
1360 2161 1394 2228 Si
1424 2164 1496 2248 quis
1524 2164 1606 2232 lorte

421 2267 549 2334 dubitet
571 2270 701 2332 satisne
724 2274 812 2332 recte
834 2267 999 2335 tribuatur
1028 2267 1152 2336 Graecia
1175 2267 1400 2353 sequioribus,
1420 2269 1504 2354 quod
1525 2273 1604 2336 anti-

422 2372 590 2460 quioribus
611 2371 687 2436 solis
707 2370 805 2436 luerit
826 2372 860 2437 in
884 2392 967 2450 usu,
1002 2373 1031 2440 ei
1055 2373 1143 2440 hunc
1166 2372 1357 2459 scrupulum
1377 2375 1494 2440 eximet
1515 2377 1603 2442 iocus

420 2477 505 2566 apud
528 2478 684 2542 turriam
706 2481 769 2553 54,
794 2479 825 2541 ῦ.
855 2477 957 2559 χοιόροι
981 2479 1012 2544 δὲ
1034 2478 1119 2558 μετόν
1144 2477 1287 2558 nupero
1317 2480 1543 2559 ἀπολούμενος,
1566 2489 1606 2546 ut

421 2586 608 2652 Ανιιιιιιλιουιι
636 2581 691 2646 ΙΙΙ.
723 2602 753 2669 p.
783 2586 829 2650 ,97
842 2631 851 2661 ,
885 2585 1117 2664 oratoriarum,
1145 2581 1181 2662 ἦν
1211 2583 1236 2648 δ’
1267 2585 1349 2664 ἐγὼ,
1382 2587 1547 2664 ἑτεόγομοιι
1572 2595 1605 2653 ct

421 2711 495 2777 pag.
519 2692 573 2756 98.
596 2686 739 2769 πρότερον
760 2688 824 2770 γὰρ
845 2689 1121 2771 συντριβησόμεθον
1136 2688 1229 2760 ἔπειθ’
1253 2687 1346 2764 obrue
1369 2691 1603 2771 οὶοτολούμεόον,

420 2814 536 2882 nempe
558 2791 687 2861 ridiculi
716 2794 949 2876 όνομητοόηῗμιι,
970 2805 1085 2864 uotum·
1103 2803 1136 2864 ct
1167 2795 1328 2882 culparem
1356 2794 1492 2864 lormam
1524 2797 1606 2866 male

419 2908 653 2986 commeentas·
666 2898 714 2968 ad.
729 2899 966 2985 istacineptias
985 2899 1224 2972 delabebantur.
1271 2900 1409 2971 Confusa
1432 2911 1606 2970 consuetu,

419 3006 460 3073 do
481 3012 627 3074 veterum
648 3011 681 3073 et
697 3004 882 3088 aequiorum
902 3005 1022 3072 iterum
1045 3006 1231 3091 apparatio
1249 3006 1344 3074 verbo
1365 3011 1456 3090 ῥιγῶι
1483 3018 1606 3074 veteres

418 3112 492 3195 ῥιγῦ
521 3107 670 3177 dicebam
700 3118 733 3174 et
750 3113 841 3191 ῥιγῶν
867 3127 924 3193 pro
954 3113 1075 3191 ῥιγοῦν,
1103 3115 1243 3194 ῥιγῶσιν,
1276 3116 1442 3194 ῥιγοῦντες,
1473 3112 1606 3196 ῥιγῴην,

419 3213 569 3284 Gracctali
591 3219 692 3296 ῥιγοῖ,
713 3219 831 3296 ῥιγοῦν,
856 3218 1009 3292 ῥιγοῦοοο,
1031 3219 1203 3298 ῥιγοῦντες,
1226 3216 1352 3298 truatur.
1400 3216 1461 3298 Qui
1481 3219 1606 3304 elegan-

418 3321 486 3387 tius
515 3319 934 3389 scrihebaatimitahantnr
957 3317 1093 3399 Atticos,
1116 3321 1255 3390 scribae·
1272 3330 1303 3388 et
1338 3321 1388 3388 his
1412 3331 1443 3390 et
1470 3323 1533 3390 illis
1550 3323 1609 3392 ob·;

418 3424 557 3493 tradunt
580 3423 703 3493 formas
721 3444 808 3496 suas.
832 3425 954 3496 hacta
971 3424 1056 3511 apud
1078 3426 1234 3494 Lucinam
1258 3431 1317 3502 50,
1345 3434 1397 3494 11.
1418 3427 1605 3514 perduravit

414 3529 469 3600 ira
487 3532 532 3611 pb
557 3531 688 3613 ῥιγῷεν,
707 3536 745 3595 at
766 3530 799 3596 iu
822 3527 935 3598 eodem
954 3527 1080 3609 libro§
1106 3536 1156 3600 16.
1182 3533 1217 3600 τό
1239 3534 1284 3611 μη
1315 3536 1417 3614 ῥιγοῦν
1441 3533 1605 3604 invectum

417 3645 467 3705 cst
490 3657 548 3724 pro
571 3641 672 3719 ῥιγῶν.
718 3633 763 3700 Gi.
784 3635 885 3702 Panas.
905 3634 947 3700 ad
970 3635 1099 3706 lloanm
1124 3659 1153 3724 p.
1180 3642 1244 3708 556
1269 3647 1300 3704 et
1322 3643 1397 3706 559.

462 3743 648 3810 Recur·runt
669 3740 703 3805 in
720 3739 852 3806 Locrum
875 3739 1027 3828 pleraque
1057 3743 1157 3822 vitia,
1186 3763 1268 3830 quac
1290 3745 1322 3810 in
1343 3746 1532 3812 Arcrrnaoun
1555 3766 1603 3812 re-

416 3847 664 3937 prehendimus,
689 3854 726 3911 ut
747 3845 855 3931 digito
864 3856 1061 3917 monstrasse
1081 3847 1230 3914 sufficiat.
1277 3849 1421 3918 Nimium
1444 3851 1604 3936 patienter

416 3954 529 4021 omnes
559 3960 593 4018 et
622 3951 782 4046 Baranam
808 3957 870 4028 10,
898 3957 934 4025 5.
965 3957 994 4018 h.
1021 3952 1166 4022 taurum
1187 3959 1245 4020 τοῦ
1269 3956 1470 4033 ότεληλυόε,
1497 3957 1602 4024 etsie

417 4059 545 4144 saepius
567 4061 649 4132 τοῦ,
671 4080 731 4121 τον
757 4063 790 4121 et
824 4053 900 4122 ότον
933 4054 1086 4142 leguntur
1111 4057 1165 4126 ubi
1199 4078 1292 4125 nemo
1322 4061 1470 4128 dubitare
1502 4063 1603 4148 possit

416 4183 567 4232 revocare
597 4169 669 4236 τοῐ,
705 4185 755 4226 τοι
786 4167 820 4226 et
841 4159 919 4227 ῥ’τοι.
969 4163 1127 4230 Bradanus
1152 4172 1257 4232 tamen
1282 4187 1344 4234 non
1370 4167 1432 4234 nisi
1455 4166 1603 4234 dubitan-

415 4279 467 4336 ter
485 4273 551 4346 66,
573 4272 626 4333 12.
651 4267 685 4332 in
708 4265 815 4333 verbis
833 4270 887 4332 οῦκ
907 4263 963 4333 οἷδ’
982 4264 1056 4334 ῦτου
1073 4269 1161 4348 ῦμεῦο
1181 4271 1322 4347 tuteris
1342 4271 1455 4338 stridet
1479 4281 1515 4340 ut
1535 4269 1602 4342 ῦοιοι

415 4375 606 4443 scribamus.
653 4370 703 4438 Nil
728 4370 804 4436 mali
827 4371 1011 4456 suspicatur
1039 4379 1076 4451 1,
1110 4381 1160 4442 11.
1190 4376 1249 4444 νῦν
1272 4401 1345 4443 τον
1382 4379 1545 4462 οῦτορημρς
1570 4388 1602 4446 et

417 4484 450 4548 in
464 4479 653 4564 τοιροιβῦοης
674 4499 747 4542 του
768 4479 833 4553 54,
857 4480 910 4541 dl.

461 4586 559 4652 Plane
578 4579 811 4650 eiusdemmodi
834 4599 925 4648 error
943 4585 1134 4652 commissus
1156 4596 1205 4656 est
1230 4592 1290 4665 bb,
1317 4593 1369 4656 aa.
1393 4590 1426 4656 in
1448 4589 1553 4656 verbis
1570 4591 1601 4654 ἐν

416 4694 501 4773 οιῦτῷ
526 4692 557 4756 δὲ
587 4691 629 4770 τῷ
654 4687 746 4769 ἔργον,
771 4686 895 4753 ἕτειδοὶν
916 4689 989 4770 ὁμοῦ
1020 4689 1124 4768 irrora,
1157 4713 1294 4779 namque
1316 4696 1409 4776 ὁμοῦ,
1440 4695 1532 4776 ὁμόσε
1568 4704 1600 4762 ct
