3767 5717
837 616 901 716 εον

280 817 339 882 τῶν
358 812 472 882 οίκείον
493 823 526 879 et
543 833 602 904 pro
622 809 739 886 τιέτο,
761 807 849 901 quod
866 804 962 876 nihili
979 818 1043 886 eat,
1061 807 1193 876 reatituo
1211 807 1330 876 πίεται.
1365 807 1452 876 Coo·

283 918 414 984 trarium
445 939 585 984 errorem
615 915 719 982 obiter
750 915 853 984 exime
882 935 919 983 ex
948 911 1151 1004 lepidissimis
1176 913 1338 982 rereioulia
1361 913 1454 984 ieuls

281 1023 367 1115 apud
393 1023 517 1090 druuu.
543 1023 582 1088 X.
606 1046 639 1112 p.
665 1025 741 1088 463.
766 1039 796 1087 e.

501 1125 605 1192 ὅντινα
628 1127 654 1191 δ’
677 1126 792 1200 εὐειδὴς
815 1123 923 1204 μίμνει
947 1123 1057 1199 ίνίλειοι
1079 1123 1228 1206 πάρευνος

551 1237 648 1303 κεῖνος
671 1235 731 1297 τῶν
753 1228 860 1296 ἄλλων
883 1226 1042 1309 ῶδρίτερον
1064 1228 1185 1298 πίεται.

280 1333 336 1400 ubi
371 1347 403 1401 et
437 1339 593 1404 sententia
628 1350 661 1405 et
688 1350 828 1404 metrum
860 1335 949 1424 (num
976 1334 1089 1415 πίομαι
1121 1337 1260 1428 primum
1288 1338 1451 1430 producit)

279 1440 450 1508 emendare
473 1443 587 1509 iubant
609 1443 767 1526 ἁδρότερον
789 1443 897 1509 πιίτω.

325 1547 447 1614 Eadem
462 1547 622 1614 medicina
635 1546 818 1613 adhibenda
838 1557 886 1613 eat
902 1545 976 1612 ioco
993 1547 1245 1628 muraenula,
1261 1548 1348 1616 unde
1362 1574 1453 1640 epre-

282 1652 334 1744 pie
364 1655 609 1722 confirmabitur
643 1654 730 1745 quod
758 1653 800 1721 de
832 1675 892 1720 usu
919 1651 1009 1718 uerbi
1037 1654 1204 1734 κερδαίνειν
1230 1654 1367 1724 diximus
1396 1681 1454 1747 pro
1503 1640 1506 1645 ‚

279 1761 572 1853 compendr'saaore.
619 1759 750 1851 Legitur
768 1758 801 1826 in
821 1759 988 1849 Apologia
1007 1756 1165 1824 Soeratr'r
1192 1762 1260 1846 59.
1285 1762 1453 1842 αίριίοοροοιι

279 1870 434 1932 τελευταῖν
469 1870 595 1946 ροῶλλον
626 1867 652 1944 ἢ.
676 1862 879 1945 οίνελενίίρονε
907 1863 943 1927 τί
970 1862 1024 1944 ζῆν
1050 1858 1095 1926 ἔτι
1115 1868 1288 1944 προσαιτῶν
1310 1867 1455 1946 κερδᾶναι

280 1971 332 2036 τίν
359 1973 440 2038 πολὺ
465 1972 559 2053 χείρω
592 1971 661 2052 βίον
694 1969 765 2036 ἀντὶ
793 1965 939 2034 ίανοὶτον.
987 1965 1127 2032 Librarii
1155 1966 1273 2058 duplex
1301 1970 1456 2041 mendum

280 2075 478 2149 invexerunt.
525 2077 599 2143 Non
624 2078 684 2144 erit
708 2097 789 2166 opus
809 2071 920 2140 multia
939 2073 1106 2143 ostendere
1129 2086 1298 2166 corruptae
1318 2079 1458 2167 seriptu-

280 2204 334 2248 τεο
361 2181 608 2261 absurditatem,
646 2182 671 2247 si
699 2203 804 2248 reram
836 2179 1028 2249 indicavero.
1084 2180 1272 2272 Lugendum
1301 2191 1458 2251 τελευτῶν

279 2307 339 2377 pro
359 2290 530 2365 τελευτῶν,
564 2298 599 2352 ut
626 2285 710 2352 inter
740 2307 773 2358 re
803 2297 1009 2374 opponantur
1028 2293 1183 2353 τελευτῶν
1210 2300 1243 2354 ot
1268 2290 1303 2354 τί
1328 2291 1383 2372 ζῆν
1411 2290 1458 2356 ἔτι

280 2397 454 2473 προσαιτῶν
482 2403 515 2455 et
541 2392 611 2456 οίντί
638 2390 773 2455 ίανόίτου
800 2389 1064 2478 expungendum,
1096 2412 1163 2479 quo
1185 2392 1271 2458 freto
1295 2394 1460 2482 apparebit

281 2497 424 2576 κερδῶναι
453 2497 507 2559 τὸν
529 2496 610 2560 πολὺ
635 2495 729 2576 χείρω
758 2493 826 2572 βίον
857 2513 924 2560 ease
953 2495 1239 2583 compoudisaoero
1263 2489 1382 2566 maiam
1405 2521 1460 2565 oe·

281 2609 390 2666 tatem.
437 2598 519 2665 Sunt
537 2600 571 2666 in
590 2599 653 2666 hoo
673 2597 857 2668 auarissimo
878 2597 1112 2668 quol’ue'urle
1134 2601 1267 2691 scripto,
1295 2605 1385 2693 quod
1407 2627 1461 2672 re-

282 2703 420 2772 ctissime
449 2705 508 2770 riri
537 2704 626 2772 docti
656 2705 923 2772 Memorabilium
949 2703 1098 2770 ultimum
1128 2717 1224 2796 eaput
1250 2706 1347 2778 fuisse
1373 2711 1461 2779 arbi·

282 2822 421 2889 trantm,
455 2821 486 2875 ot
518 2810 579 2874 alia
610 2810 819 2887 emblemata,
853 2809 963 2878 imunt
990 2821 1023 2875 et
1050 2809 1157 2878 multo
1186 2812 1278 2902 plura
1304 2839 1401 2904 quam
1426 2819 1460 2884 in

282 2915 570 2994 Memorabilium,
589 2937 674 3006 quaa
689 2912 946 2980 emendatissima
963 2927 1052 2994 aunt,
1070 2915 1245 2982 scribarum
1264 2919 1339 2985 vitia
1357 2934 1391 2987 et
1406 2945 1461 2988 er·

281 3043 377 3088 rores.
425 3018 509 3104 Quid
539 3031 623 3086 rotat
648 3041 707 3109 per
727 3017 810 3083 bano
833 3018 1031 3084 ooomionem
1055 3022 1230 3087 nonnullos
1248 3025 1458 3114 patefaoere?

279 3127 318 3194 iu
337 3129 356 3214 §
377 3133 397 3194 3
417 3149 476 3218 pro
496 3125 549 3192 καί
574 3123 594 3192 ί
609 3149 640 3192 τι
655 3125 858 3208 ῶπολοριίορ,
877 3123 1037 3214 eorrigei'
1054 3151 1085 3192 τι
1107 3128 1160 3193 καί
1180 3131 1388 3208 οίτολοριίτει.
1418 3133 1458 3199 io

278 3236 349 3321 5⁷.
373 3229 448 3299 ὅταν
469 3269 516 3282 -
541 3232 627 3311 ὑγιὲς
655 3231 691 3297 τί
716 3236 810 3310 σῶμα
835 3229 917 3311 ἔχειν
939 3267 982 3282 -··
1005 3232 1279 3313 ἀπομαραίνηται,
1309 3241 1374 3310 πῶς
1402 3241 1458 3307 οὐκ

279 3338 406 3417 ῶνοίγκνρ
435 3324 543 3426 τοῦτον
573 3337 707 3402 ποθεινὸν
733 3331 829 3412 rivaria
865 3336 981 3427 supple
1006 3338 1267 3419 ῶτομαραίννρταί
1293 3365 1366 3414 τις.
1416 3343 1457 3410 ip

280 3442 544 3528 ς11.ίαυροοίζον
578 3441 728 3514 Μελήτου
758 3436 817 3520 ὅτῳ
850 3442 925 3504 ποτὲ
951 3441 1043 3519 ρνοὺε
1071 3441 1161 3518 λέγει
1185 3445 1227 3514 ῶς
1247 3445 1314 3508 uri.
1341 3448 1456 3538 supple

264 3545 337 3630 ’ὅτῳ
361 3547 436 3612 ποτὲ
462 3546 554 3624 γνοὺς
582 3543 737 3624 τεκμηρίῳ
764 3543 866 3622 λέγει.
914 3543 953 3609 in
975 3548 993 3630 §
1017 3549 1068 3612 12.
1090 3546 1225 3626 βροντὰς
1250 3548 1282 3612 δὲ
1311 3551 1456 3633 ῶμφιλέ-

278 3652 326 3731 ξεν
351 3674 399 3728 τις
423 3650 467 3729 μὴ
489 3654 618 3732 φωνεῖν,
648 3658 773 3712 mutato
795 3660 931 3713 aeroma
949 3649 1072 3738 corrige
1090 3649 1149 3722 τίς.
1200 3649 1239 3715 irr
1260 3653 1278 3736 S
1302 3656 1354 3720 14.
1378 3657 1455 3737 φίν-

279 3762 400 3828 νοῶντεε
430 3756 456 3819 εί
480 3753 533 3820 καί
558 3751 646 3832 παρῶ
670 3753 742 3816 θεῶν
767 3752 912 3835 μειζόνων
935 3754 952 3830 ἢ
977 3754 1065 3819 αὐτοὶ
1088 3754 1245 3836 τνρχῶνοι
1266 3779 1325 3847 pro
1345 3761 1371 3824 εί
1397 3763 1455 3826 καί

279 3855 414 3928 emenda
431 3857 461 3924 εί
482 3881 541 3930 τις.
590 3857 759 3922 umalama
784 3868 832 3923 est
853 3858 886 3921 in
908 3861 926 3944 §
949 3862 1000 3924 15.
1021 3862 1117 3924 ταῦτ’
1139 3860 1332 3935 οίκοιίοαντες
1357 3865 1384 3929 οἱ
1410 3866 1454 3930 δι·

219 4019 222 4024 ,
278 3965 376 4035 rucei
400 3959 446 4028 ἔτι
470 3965 595 4042 μᾶλλον
621 3962 779 4044 ἐθορύβουν
807 3962 976 4052 [είκίτας].
1025 3963 1168 4029 Lectorir
1186 3977 1233 4031 eat
1251 3965 1454 4035 additamen-

280 4083 351 4137 tum
378 4091 437 4135 οοοο
464 4072 606 4148 mirum,
636 4066 725 4159 quod
754 4067 936 4136 quel’ueu
963 4071 1033 4161 ipae
1062 4093 1128 4137 noo
1154 4083 1218 4137 tam
1247 4072 1363 4164 frigide
1382 4077 1454 4144 istie

278 4175 462 4244 addidisset.
508 4173 546 4239 ln
568 4178 586 4260 §
610 4177 661 4240 16.
695 4173 879 4257 δικαιότερον
908 4177 940 4241 δὲ
968 4177 1042 4242 τίνα
1067 4176 1107 4242 ῶν
1131 4177 1256 4253 εἰκότας
1288 4182 1451 4260 νομίσαιτε

276 4290 331 4351 τοῦ
353 4282 427 4365 πρὸς
451 4281 495 4346 τῶ
517 4279 658 4361 παρόντα
683 4281 949 4362 συνηρμοσμένου,
979 4284 1018 4356 ῶς
1044 4288 1104 4348 τῶν
1128 4285 1299 4367 ῶλλοτρίονν
1320 4289 1451 4366 μηδενὸς

277 4388 493 4470 προσδεῖσθαι,
529 4383 646 4451 excidit
676 4397 748 4476 post
775 4391 830 4452 τοῦ
853 4386 1080 4478 compendium
1103 4385 1155 4464 οὗ,
1185 4391 1274 4480 quod
1294 4392 1451 4482 significat

278 4491 353 4558 οὕτω
385 4503 419 4557 et
444 4491 659 4584 supplendum
685 4496 739 4560 τοῦ
769 4491 845 4558 οὕτω
869 4493 942 4574 πρὸς
967 4494 1010 4558 τῶ
1035 4494 1176 4575 παρόντα
1201 4501 1450 4578 συνηρμοσμένου

278 4597 328 4668 ῶς.
378 4598 536 4689 Perpetuo
565 4621 671 4664 errore
696 4598 940 4664 contunduntur
966 4599 1050 4665 intor
1074 4623 1106 4666 se
1124 4603 1174 4679 οὐ,
1198 4598 1233 4666 οὗ
1251 4614 1283 4668 et
1303 4601 1379 4667 uiro
1403 4605 1451 4688 (od

278 4698 312 4766 in
333 4698 462 4794 codd).
497 4705 652 4797 Exempla
671 4715 745 4772 suut
761 4704 794 4770 in
816 4705 927 4795 quavis
949 4705 1068 4772 maiore
1089 4704 1246 4795 farragine
1264 4707 1450 4800 discrepan-

1157 4807 1171 4840 ο
1188 4820 1219 4858 ar
1230 4813 1245 4844 ε
