3767 5717
855 582 918 651 193

299 782 397 849 tuisse
418 780 613 873 appellatam
632 774 721 847 docti
740 779 886 845 homines
902 778 1105 869 suspicentur
1120 774 1220 866 magis
1239 778 1336 868 quim
1356 774 1473 841 sciunt.

300 887 374 954 Non
399 908 542 978 premam
571 887 818 977 suspicionem,
838 882 1020 977 quaemihi
1040 881 1172 973 quidem
1200 884 1275 949 setis
1299 878 1475 973 probabilia

299 993 363 1061 sinn
380 1003 442 1071 est,
461 1011 525 1057 non
537 992 737 1070 Λιβανίτιδος
759 989 812 1055 sed
826 990 1000 1059 Ἀναίτιδος
1020 988 1098 1053 oIi1n
1116 989 1269 1078 scripturn
1282 987 1395 1065 fuisse,
1416 1008 1474 1051 eu·

296 1098 348 1163 ins
376 1118 496 1163 numen
519 1090 583 1163 tote
609 1095 678 1161 dsie
698 1096 942 1161 secretissimum
968 1094 1064 1159 fuisse
1086 1096 1264 1160 multorum
1284 1094 1475 1159 testimoniis

299 1216 433 1269 constet.
487 1202 661 1269 Colebetur
689 1226 706 1268 e
739 1202 859 1280 Medis,
893 1201 1009 1278 Persis,
1044 1202 1203 1281 drmenis‚
1233 1200 1347 1289 Lydis,
1377 1198 1476 1287 Syris.

299 1309 373 1375 ride
401 1308 605 1375 Srurnorru
631 1307 742 1373 multis
761 1308 849 1373 'locis
879 1306 931 1374 XI.
951 1330 982 1395 p.
1007 1310 1071 1372 512
1092 1318 1124 1371 ct
1146 1312 1226 1383 532,
1250 1305 1322 1373 XII.
1344 1329 1376 1394 p.
1398 1307 1476 1370 559.

300 1414 369 1481 XV.
389 1438 426 1504 p.-
442 1418 517 1480 733.
565 1413 602 1478 In
624 1412 822 1479 Pnurnucnl
841 1415 1038 1479 Artaxerxe
1055 1433 1125 1502 cap.
1147 1416 1198 1476 27.
1228 1410 1303 1476 iibri
1323 1409 1476 1475 exhibent

303 1520 483 1599 Ἀρτέμιδος
509 1526 565 1593 τής
592 1522 622 1584 ἐν
647 1516 873 1598 Ἐκβατιίνοις,
898 1517 932 1593 ήν
957 1521 1091 1584 Ἀνεῑτιν
1115 1522 1264 1589 καλοῦσι,
1294 1528 1380 1581 recte
1400 1514 1477 1580 Slu-

301 1632 396 1688 rs'rts
414 1624 572 1697 Ἀναίτιν,
608 1620 705 1713 paulo
726 1623 843 1689 rectius
861 1606 1001 1701 Ἀναῗτιν
1031 1621 1163 1691 scribes.
1214 1619 1407 1687 Suarissirne
1435 1619 1477 1685 de

299 1750 338 1793 ee
358 1727 423 1793 Dee
444 1727 554 1793 scribit
572 1727 708 1793 Persius
732 1729 775 1795 H.
798 1728 841 1795 Ν.
863 1726 1015 1794 XXXIII.
1039 1732 1093 1792 24.
1118 1747 1214 1815 quem
1238 1749 1302 1791 non
1321 1724 1478 1816 grarebor

297 1832 493 1910 describere,
514 1832 588 1921 quis
608 1833 764 1899 refutatae
786 1832 1021 1923 superstitionis
1039 1832 1163 1920 insigne
1180 1832 1365 1922 exemplum
1383 1852 1479 1896 num·

299 1958 398 2026 quern
417 1947 464 2000 est
480 1934 604 2002 Inutile.
629 1938 746 2003 Aurea
763 1947 881 2003 statua
902 1939 953 2024 (er
973 1937 1077 2003 solido
1092 1939 1183 2026 auro)
1196 1940 1478 2028 primoomnium

302 2045 337 2105 in
368 2041 486 2130 templo
511 2039 692 2107 Anaitidis
705 2048 826 2133 posita
849 2045 979 2108 dicitnr
999 2050 1133 2109 numine
1151 2048 1304 2133 gentibus
1326 2048 1399 2109 iltis
1420 2068 1478 2109 sa·

300 2150 501 2212 cratissima.
535 2145 684 2237 Bt'repta
716 2156 767 2213 est
792 2150 939 2215 Antonii
965 2150 1144 2216 Parthicis
1173 2152 1271 2215 rebus
1294 2156 1479 2239 scitumque

300 2260 468 2317 narratur
488 2252 612 2318 dictem
635 2257 735 2318 nnius
752 2263 985 2320 veteranorum
1007 2255 1197 2335 Bononiae,
1217 2258 1382 2346 hospitali
1398 2256 1481 2321 Divi

299 2359 451 2449 Augusti
465 2382 580 2437 coena,
599 2384 698 2447 quum
714 2366 987 2451 interrogaretur
1005 2370 1135 2426 essetne
1154 2384 1282 2440 oerum,
1304 2386 1396 2442 enm,
1419 2365 1482 2450 qni

294 2468 430 2555 primns
450 2467 610 2529 violasset
629 2467 689 2529 hoc
706 2488 839 2543 namen,
859 2468 964 2530 oculis
982 2466 1199 2553 membrisque
1212 2472 1346 2556 captim
1363 2470 1480 2557 anepi-

300 2594 408 2637 rasse.
448 2570 636 2661 Respondit
657 2576 831 2635 enim'tnm
856 2575 1001 2635 maxime
1020 2570 1208 2660 Angustam
1230 2574 1271 2637 de
1290 2596 1389 2638 crure
1405 2577 1478 2636 eins

292 2672 441 2741 'coenare
470 2697 569 2763 seque
594 2674 687 2738 illurn
707 2697 779 2739 esse
799 2684 966 2764 totumque
984 2677 1051 2741 sebi
1068 2698 1199 2742 censum
1218 2701 1261 2743 ex
1279 2702 1319 2744 ea
1339 2681 1479 2769 rapina.

300 2780 351 2847 Ne
382 2804 453 2847 eam
480 2780 513 2845 iu
547 2778 636 2867 Syris
667 2780 787 2846 cultam
818 2802 884 2846 esse
913 2780 1035 2847 nescies
1065 2780 1250 2848 Parisinus
1275 2783 1477 2873 providebit,

302 2906 402 2977 quern
423 2884 495 2952 ride
520 2883 578 2949 III.
603 2887 654 2950 16.
702 2886 762 2950 Per
790 2885 883 2951 huius
909 2886 1007 2976 igitur
1032 2886 1216 2953 notissimae
1246 2887 1331 2954 Deae
1357 2909 1479 2956 numen

301 2985 467 3056 bominem
492 2988 662 3056 Lucrinus
686 2992 866 3057 obsecrasse
891 2992 1025 3060 ridetur.

301 3104 304 3113 ’
350 3092 389 3161 In
411 3100 429 3182 §
453 3100 482 3164 4.
502 3094 624 3187 corrige
653 3098 826 3180 διέπεμψε,
850 3103 1061 3177 transmisit,
1080 3122 1139 3188 pro
1157 3098 1338 3182 ἐξέπεμψε,
1363 3096 1481 3165 deinde

302 3201 539 3281 ὑποβαλόμενος
570 3214 601 3267 et
630 3203 878 3285 περιβαλόμενος
908 3217 940 3270 et
967 3209 1073 3286 χρυσοῖ
1099 3226 1157 3294 pro
1183 3206 1318 3286 χρύσεα.
1356 3217 1425 3271 turn
1445 3205 1480 3270 in

305 3308 323 3393 §
350 3312 380 3374 5.
403 3308 490 3372 πιθοῦ
511 3329 570 3397 pro
596 3306 699 3371 πείθου
726 3317 758 3371 et
779 3306 847 3393 §⁸6.
872 3311 929 3375 ὑπὸ
952 3309 1057 3391 κρύους
1082 3332 1142 3402 pro
1162 3312 1225 3375 οίπθ
1248 3312 1365 3392 κρύους.
1410 3315 1481 3397 §ts

304 3412 349 3490 μή
372 3410 501 3493 ἐξέταζε
520 3434 579 3501 pro
599 3410 767 3494 ἐξετνίζειν.
804 3415 821 3498 §
842 3417 872 3480 8.
894 3414 937 3479 ria
957 3415 1015 3494 μὲν
1035 3411 1084 3480 οὗν
1103 3423 1160 3490 τῆς
1180 3423 1303 3495 γυμνῆς
1321 3417 1479 3495 tironiae,

304 3514 428 3605 corrige
447 3526 613 3597 γυμνικής.
651 3520 668 3603 §
691 3522 742 3583 12.
766 3520 840 3600 πρὸς
858 3519 958 3602 ἔρωτα
977 3558 1023 3570 -
1037 3523 1204 3599 ἐμπεσεῖν,
1231 3521 1302 3612 Iege
1322 3524 1365 3594 είς
1381 3521 1482 3604 ἔρωτα

307 3633 339 3687 et
369 3642 441 3687 mor
471 3625 532 3702 οὐχ
555 3624 572 3698 ή
596 3622 677 3702 λύρα
701 3622 858 3699 θέλγουσα
879 3618 930 3697 ήν,
962 3624 1028 3688 imo
1051 3646 1125 3688 rere
1146 3626 1163 3700 ή
1182 3624 1352 3701 θέλγουσα.
1388 3629 1481 3711 513.

306 3728 361 3801 τήν
394 3728 585 3803 Ἐπικτήτου
617 3726 732 3809 σοφίαν
759 3724 830 3807 θναρ
862 3730 1082 3811 ε’πιςήσεσθαι,
1114 3728 1198 3795 bene
1226 3730 1344 3796 dicitur
1374 3733 1481 3824 ipsum

211 3820 215 3825 ⁵
241 3881 250 3895 .
306 3827 376 3911 θυαρ
404 3832 563 3905 inretiat,
599 3854 664 3896 non
684 3831 762 3896 itern
782 3832 808 3895 si
832 3832 1010 3921 quidboni
1033 3834 1130 3899 elicui
1151 3834 1279 3900 obvenit
1299 3836 1482 3905 dormienti.

309 3934 455 4023 LegerIm
481 3938 721 4013 ἐπιπτήσεσθαι.
758 3940 775 4023 §
801 3944 850 4005 14.
882 3940 917 4004 τὸ
947 3942 1106 4019 κειμήλιον
1130 3945 1221 4006 τοῦτο
1248 3943 1417 4019 δείκνυσιν,
1442 3946 1482 4017 ὥς

306 4044 473 4118 Τεγεήται
492 4046 554 4117 τοῦΙ
574 4042 768 4107 Καλυδωνίου
794 4044 829 4109 τὸ
855 4043 965 4125 δέρμα.
1014 4044 1239 4135 Supplendum
1260 4054 1314 4111 τοῦ
1333 4051 1482 4115 Καλυδω-

306 4143 369 4210 υιόυ
394 4146 453 4218 ὑὸς
477 4150 512 4213 τδ
537 4149 645 4229 δέρμα.
681 4148 753 4214 Νοιι
774 4150 868 4216 aliter
888 4150 975 4237 enim
995 4151 1147 4246 dicebant
1167 4174 1263 4241 quom
1285 4154 1298 4216 i
1319 4155 1350 4217 ἕν
1375 4163 1482 4218 Καλυ·

306 4249 376 4314 ten
400 4244 453 4323 ὗς,
482 4253 565 4317 reli
590 4255 783 4327 Καλυδώνιος
805 4250 850 4327 ὗς.
885 4254 932 4320 De
958 4256 1068 4321 rnuItis
1088 4257 1218 4321 testibus
1239 4257 1383 4346 produco
1403 4278 1483 4322 ocu-

310 4352 411 4419 latum
440 4378 559 4436 unuin,
593 4356 799 4438 Pnusstrnn,
829 4360 886 4449 qui
911 4384 942 4426 se
966 4362 1087 4447 Tegeae
1108 4362 1221 4428 vidisse
1241 4362 1350 4427 scribit
1380 4360 1483 4448 (VIII.

309 4461 363 4538 47,
383 4462 428 4546 2.)
452 4462 487 4525 τὸ
510 4463 608 4542 δέρμα
629 4464 678 4535 tte
695 4470 750 4529 τοῦ
773 4466 980 4531 Καλυδωνίου.
1008 4469 1171 4543 διεσήπετο
1195 4469 1225 4532 δὲ
1249 4468 1306 4531 ὑπὸ
1331 4472 1387 4529 τοῦ
1407 4464 1483 4546 xad-

307 4586 375 4637 νου,
401 4565 524 4655 inquit,
547 4563 599 4631 nai
626 4566 656 4638 ἐς
679 4563 767 4631 iiras
790 4562 824 4641 ἦν
849 4574 963 4649 τριχῶν
985 4570 1040 4647 ήδη
1062 4571 1167 4651 ψιλήν.
1199 4570 1294 4635 facile
1313 4567 1483 4635 credimus.

312 4666 449 4743 Facilius
471 4667 619 4745 stirmis
641 4673 783 4745 revocari
803 4688 936 4765 possunt
952 4676 1038 4768 apud
1056 4678 1281 4749 Ponrnrnron
1294 4677 1337 4743 de
1349 4675 1483 4745 Abstin.
