3767 5717
1007 667 1045 728 74

487 843 616 929 dragm.
638 849 670 909 5.
695 841 719 930 3
741 845 772 906 2.
796 839 913 913 παντες
934 841 1031 916 αὐτὴν
1055 843 1221 905 λαλοῦσινι
1247 837 1356 924 putide
1380 857 1437 924 pro
1462 840 1630 919 ὑμνοῦσιν,

347 991 359 1000 ·
443 956 480 1015 ut
503 969 577 1014 mox
600 953 664 1022 τοῖς
687 953 797 1013 λαλεῖν
820 948 865 1025 μὴ
888 944 1075 1024 δυναμένοις.
1099 945 1131 1008 in
1157 963 1193 1010 eo
1216 942 1312 1010 verbo
1336 963 1467 1030 prorsus
1487 944 1629 1012 obsoleta

434 1063 492 1120 ‘est
515 1054 564 1120 ris
584 1053 734 1140 antiqua,
758 1071 840 1138 quoe
861 1050 980 1138 optime
1004 1057 1135 1136 apparet
1156 1051 1188 1114 in
1213 1051 1374 1116 Eucocrurs
1398 1049 1579 1119 versiculo:

717 1166 830 1224 λαλεῖν
852 1156 971 1239 ἴιριςος,
994 1156 1230 1230 ἀδυνατώτατος
1254 1154 1370 1233 λέγειν.

444 1263 468 1353 3
494 1269 525 1328 4.
556 1260 644 1338 ὅλας
674 1264 827 1339 ustione:
852 1261 978 1347 antiqui
999 1263 1142 1342 πλήρους.
1269 1262 1272 1270 ’

488 1369 617 1454 Fragm.
630 1372 661 1434 6.
685 1363 845 1433 cdxciix
870 1365 1000 1432 adden:
1028 1365 1123 1431 scrin.
1149 1361 1204 1431 οἶδ’
1216 1365 1331 1431 ὁπόθεν.
1345 1369 1473 1430 -ποῦ
1496 1357 1626 1448 ἀθρόαις

438 1477 506 1540 imo
534 1495 610 1540 vero
638 1481 712 1547 ποῖ,
744 1478 781 1538 ut
814 1491 907 1557 saepe
942 1469 1027 1556 apud
1052 1471 1233 1546 Puxrouuu,
1266 1479 1321 1537 ποῖ
1344 1469 1396 1536 καὶ
1428 1468 1538 1545 addon
1570 1478 1628 1538 aut

438 1579 525 1666 apud
547 1579 626 1646 alies
653 1587 709 1643 ποῖ
733 1580 768 1653 et
792 1578 852 1652 σύ;
880 1584 912 1641 et
937 1575 1066 1640 similia.
1085 1612 1130 1624 -
1149 1575 1228 1649 τίνος
1256 1565 1352 1642 ἄπιτε
1374 1577 1490 1642 ἐκπνεῖν
1510 1575 1626 1657 copto:

441 1684 506 1751 duo
529 1685 661 1750 suntin
685 1704 750 1748 uno
773 1679 925 1747 vocabulo
948 1682 1048 1757 vitia,
1081 1679 1218 1746 alterum
1251 1679 1454 1756 scribarum,
1479 1681 1627 1748 Rhetoris

442 1790 591 1857 alterum.
616 1789 732 1854 ἐκπιεῖν
755 1788 787 1851 in
812 1795 979 1853 καταπιεῖν
1002 1785 1228 1869 corrigendum
1253 1795 1319 1859 cst,
1344 1806 1406 1870 quo
1430 1786 1526 1851 verbo
1547 1786 1627 1852 nibil

441 1903 491 1962 est
512 1896 546 1960 in
575 1914 612 1959 ea
640 1913 675 1960 re
703 1891 835 1965 tritius,
873 1890 928 1956 sed
957 1889 1187 1969 κατακτάμεναι
1213 1888 1336 1956 dictum
1365 1892 1517 1977 oportuit.
1547 1889 1624 1980 36.

439 2000 515 2083 πρός
539 2025 578 2078 γε
601 2005 660 2065 τῶν
683 2003 827 2078 Νυμφῶν
851 1995 903 2060 καὶ
927 2002 981 2061 τοῦ
1005 1995 1127 2070 flando:
1153 1995 1298 2081 ineptum
1322 2003 1371 2061 est
1397 2020 1455 2075 γε,
1480 1995 1563 2081 quod
1594 1997 1627 2061 in

440 2130 478 2171 σε
500 2103 735 2190 relingendum.
760 2101 829 2191 37.
854 2104 1101 2177 κατακλιθῆναιε
1130 2101 1259 2187 sequior
1278 2099 1381 2167 lerina
1404 2101 1546 2166 librariis
1568 2103 1625 2168 im-

440 2208 604 2296 putanda,
633 2210 847 2275 Acerranoucn
877 2205 1003 2272 dedisse
1026 2214 1250 2282 κατακλινῆναι
1275 2205 1474 2272 demonstrat
1500 2227 1624 2294 praece·

439 2315 519 2380 dens
548 2312 614 2402 36
647 2319 905 2393 κασακλινῶμεν,
935 2330 999 2398 qua
1030 2310 1133 2376 forma
1156 2318 1189 2375 et
1219 2310 1294 2376 alibi
1323 2321 1411 2378 recte
1443 2313 1553 2378 utitur.
1578 2350 1622 2363 —

439 2419 617 2494 ταπκτίανε
648 2419 800 2484 usitatius
822 2419 982 2494 ταπήτων.
1008 2424 1076 2482 tum
1108 2415 1329 2501 coniungenda
1353 2425 1451 2487 sunt:
1476 2420 1523 2493 Ni
1547 2420 1616 2493 Ad,

438 2527 517 2591 ἀλλ’
537 2523 605 2605 ἔχει
625 2522 655 2588 τι
678 2523 782 2589 πλέον.
806 2521 890 2608 quod
911 2521 1063 2606 vulgatur
1082 2545 1127 2587 τοι
1145 2547 1175 2586 τι
1192 2521 1408 2608 dittograplria
1427 2529 1499 2588 est.'
1529 2523 1617 2588 nives

438 2629 534 2695 Attici
561 2625 630 2708 ἔχει
654 2628 694 2705 με’
721 2630 754 2692 ’τι
778 2627 944 2692 dixissent.
981 2625 1055 2706 38.
1081 2625 1224 2708 ὠροὶῖζονε
1250 2633 1374 2693 veteres
1404 2627 1620 2710 τρισυλλάβως

441 2733 543 2799 solent
564 2731 674 2816 ὥρριζον
698 2740 730 2798 et
753 2731 909 2818 ὡρᾴζομαι
935 2737 971 2796 111
998 2733 1149 2817 μαι-ᾆξαν,
1173 2731 1312 2816 τερᾴζυ,
1336 2732 1419 2810 alia,
1443 2733 1482 2798 de
1508 2735 1622 2820 quibus

437 2839 583 2903 Plausus.
602 2836 642 2903 ad
667 2837 795 2904 Mecum.
821 2859 851 2924 p.
874 2843 927 2903 70.
953 2837 1114 2903 Eunomus
1144 2838 1307 2924 anapaesti
1332 2837 1485 2924 leguntur
1497 2840 1529 2904 in
1549 2839 1623 2905 Bon·

439 2964 509 3008 naui
534 2942 694 3008 discedi.
719 2963 749 3028 p.
772 2947 831 3018 15,
860 2945 911 3006 ta.

710 3046 894 3128 ὢραῖζομένλ
917 3044 969 3110 καὶ
995 3046 1182 3128 θρυπτομένη

440 3151 658 3216 necessarium
683 3158 752 3228 est,
784 3158 820 3214 ut
845 3147 955 3227 vides,
978 3151 1161 3234 ὠρρζομένη.
1188 3150 1261 3240 39.
1285 3151 1409 3228 ἀηδόνες
1433 3155 1620 3238 ἕψιθύριζονε

441 3253 614 3320 infeliciter
634 3255 692 3321 hoo
717 3253 851 3320 uerbum
876 3254 914 3321 de
933 3253 1145 3322 lusciniarum
1168 3266 1266 3324 cantu
1285 3261 1401 3345 posuit.
1426 3259 1450 3349 3
1473 3267 1524 3326 11.
1548 3265 1625 3328 ἀλλ’

438 3360 654 3436 ε’παλλιὶλοιςε
681 3361 879 3425 coniunctim
911 3361 1016 3426 scribe
1038 3364 1308 3441 exsecratissimae.
1341 3361 1365 3453 3
1388 3370 1438 3430 tn.
1462 3363 1555 3441 οἶδας1
1571 3388 1624 3433 ne·

439 3486 494 3531 mo
515 3474 661 3531 veterum
692 3464 773 3530 dixit
797 3465 852 3530 sed
883 3462 980 3530 οἶσθα.
1006 3465 1029 3554 3
1054 3472 1105 3532 tx.
1138 3471 1164 3533 oi
1188 3467 1356 3551 oivdpuuot:
1393 3491 1550 3558 nusquam
1577 3473 1624 3538 iu-

438 3569 566 3636 felicius
586 3591 682 3656 quam
708 3570 767 3636 hoc
790 3570 858 3636 loco
878 3573 904 3636 oi
921 3570 1027 3652 ἄνδρες
1051 3569 1284 3639 desiderantur.
1310 3571 1333 3662 3
1360 3579 1410 3641 16.
1436 3578 1619 3660 soporae:

439 3677 522 3742 dixit
543 3675 654 3741 rhetor
672 3675 712 3742 ad
737 3674 984 3742 similitudinem
1009 3677 1097 3743 verbi
1121 3680 1302 3761 ἐντραγεῖν,
1331 3698 1394 3765 quo
1424 3681 1491 3767 ipso
1522 3682 1625 3748 multo

439 3782 557 3850 melius
576 3781 690 3847 luisset
710 3801 800 3849 usus.
825 3821 871 3831 —
889 3784 1039 3866 βστρύεςε
1067 3783 1142 3849 olim
1163 3805 1290 3872 semper
1309 3785 1431 3867 βσσρῦς.
1453 3823 1495 3834 -
1514 3804 1622 3866 λαγα-

439 3889 507 3954 dieu
534 3893 634 3953 νῶταε
669 3887 735 3951 imo
762 3889 937 3969 λαγῳδίυνι
968 3888 1062 3975 paulo
1094 3889 1246 3954 usitatius
1269 3898 1317 3954 est
1340 3891 1491 3968 scyrico.
1528 3891 1622 3981 318.

439 3993 534 4074 μέχρι
558 4032 604 4041 -
622 3991 743 4056 dinen:
773 3991 887 4056 Graece
915 4013 978 4056 non
1005 3999 1108 4078 petest
1133 3992 1226 4058 aliter
1246 3993 1308 4060 diui
1332 4015 1427 4082 quam
1450 3998 1545 4079 μέχρι
1569 4004 1623 4064 τοῦ

440 4096 549 4163 θέλειν.
598 4093 704 4160 Unum
735 4103 882 4180 superesi
907 4097 940 4159 in
968 4096 1114 4162 ultimis:
1152 4098 1178 4163 εἰ
1200 4099 1257 4179 μὲν
1281 4097 1373 4175 οὕτως
1396 4100 1537 4182 ἔσχηκας
1562 4130 1625 4183 μα-

440 4207 543 4274 λακῶς
563 4239 604 4249 -
625 4199 650 4265 εἰ
682 4199 714 4264 δέ
747 4199 812 4265 κτὲ.
844 4209 990 4286 apertum
1023 4209 1071 4268 est
1101 4206 1191 4278 ducac
1222 4205 1297 4270 olim
1327 4206 1483 4292 scriptum
1514 4207 1624 4275 luiss'e.
1670 4235 1676 4247 ·

440 4303 539 4371 Video
570 4303 630 4368 hoc
657 4303 833 4369 Marrasion
863 4307 1084 4392 praecepisse,
1122 4309 1177 4395 qui
1210 4310 1386 4397 permultas
1419 4315 1559 4381 incertas
1592 4324 1624 4380 et

439 4409 796 4492 παρακεκινδυνευμένας
816 4411 1030 4476 correctiones
1049 4415 1186 4501 recepit,
1212 4416 1446 4502 complusculus
1467 4428 1572 4485 certas
1591 4430 1625 4486 et

439 4514 626 4582 manifestas
651 4516 683 4580 iu
706 4515 911 4580 annotatione
942 4515 1129 4586 delitescere
1154 4519 1286 4598 maluit,
1317 4520 1356 4586 de
1385 4544 1447 4609 qua
1479 4544 1514 4590 re
1543 4524 1623 4590 alias

438 4618 557 4688 dicam.
604 4620 640 4687 ln
666 4620 819 4689 extremis
839 4641 965 4708 quoque
987 4634 1117 4711 apparet
1142 4647 1237 4713 quam
1265 4647 1377 4713 parum
1400 4628 1520 4694 Rhetor
1541 4633 1624 4696 anti-

437 4744 572 4810 quorum
599 4729 769 4794 sanitatem
798 4728 952 4794 orationis
983 4732 1110 4817 assequi
1139 4740 1172 4803 ¹et
1198 4733 1318 4800 imitari
1350 4735 1500 4821 potuerit.
1549 4736 1625 4802 Per·
