3767 5717
981 657 1022 718 76

412 819 536 918 guit'et
558 830 700 916 exagitat
718 829 973 916 impudentiam,
997 847 1091 917 saepe
1115 828 1234 896 urbane
1255 836 1287 895 et
1307 831 1410 896 iocose
1433 829 1488 896 scd
1513 851 1596 897 mor-

416 937 597 1004 dacioribus
621 937 714 1013 iocis,
746 938 873 1022 saepius
893 934 1155 1022 indignabundus
1176 945 1207 1002 et
1231 936 1351 1014 iratus,
1382 945 1418 1002 ut
1454 945 1595 1004 contem·

414 1053 469 1110 tus
498 1051 649 1130 appareat
672 1050 703 1107 et
736 1041 856 1106 odium.
903 1041 1014 1118 Idem,
1039 1050 1075 1107 ut
1101 1047 1226 1128 oportet
1246 1043 1396 1108 vitiorum
1420 1061 1543 1111 osorem
1564 1053 1598 1111 et

415 1150 660 1223 insectatorem,
694 1166 822 1212 summa
854 1165 912 1232 ope
935 1148 1075 1222 nititur,
1101 1167 1141 1213 ne
1171 1145 1248 1232 quid
1271 1147 1501 1214 eiusdemmodi
1530 1150 1600 1237 ipse

415 1254 616 1327 committat;
640 1252 789 1329 imbibit,
813 1259 970 1337 quantum
996 1253 1123 1338 potuit,
1148 1259 1292 1318 veterum
1324 1252 1460 1318 nitidam
1481 1262 1513 1321 et
1534 1263 1597 1321 ter·

415 1378 484 1423 sam
528 1357 722 1433 dictionem,
762 1358 923 1443 cogitandl
963 1357 1189 1432 serenitatem,
1227 1356 1378 1443 loquendi
1413 1359 1596 1426 sanitatem.

414 1461 504 1545 Quod
528 1463 600 1527 aliis
622 1462 734 1528 suadet
758 1470 791 1528 et
814 1462 1040 1538 commendat,
1075 1463 1143 1548 ipse
1175 1463 1299 1549 primus
1330 1464 1454 1530 intento
1489 1465 1597 1532 studio

411 1569 552 1654 peregit:
577 1587 675 1653 quam
697 1563 782 1632 riam
807 1567 934 1653 longam
960 1576 992 1635 et
1016 1567 1149 1634 arduam
1170 1568 1210 1634 ad
1230 1587 1338 1635 veram
1363 1569 1490 1636 dicendi
1519 1572 1598 1636 scri·

411 1673 571 1758 bendique
598 1672 725 1738 laudem
749 1674 914 1739 contendit
945 1674 1043 1738 solam
1070 1671 1209 1752 ducere,
1244 1693 1313 1740 eam
1339 1675 1407 1759 ipse
1439 1673 1598 1742 indefesso

411 1778 519 1844 labore
540 1794 690 1843 emensus
712 1787 778 1854 est,
801 1797 905 1863 neque
930 1795 1103 1844 aerumnas
1123 1787 1289 1864 pertaesus
1312 1795 1415 1862 neque
1434 1779 1597 1864 imperito·

413 1896 488 1948 rum
512 1883 634 1948 voculis
654 1883 967 1970 deterritus‚neque
988 1883 1105 1948 stultae
1125 1883 1343 1949 multitudinis
1361 1882 1481 1948 iudicio
1504 1885 1596 1970 quid·

413 2007 512 2074 quam
534 1989 699 2065 tribuens,
722 1987 776 2053 sed
799 2007 857 2053 suo
875 1989 976 2054 iratus
997 1994 1142 2054 veterum
1170 1987 1306 2054 lectione
1327 1987 1469 2054 subacto.
1495 1990 1595 2057 lllulta

413 2103 490 2158 sunt
511 2093 595 2179 apud
624 2111 698 2158 eum
722 2092 763 2158 dc
793 2113 830 2158 eo
859 2100 1051 2179 argumento
1085 2094 1212 2178 egregie
1243 2091 1328 2158 dicta
1352 2101 1383 2159 et
1407 2105 1598 2181 praecepta,

412 2199 587 2284 exquibus
606 2217 707 2263 unum
729 2197 919 2264 adscribam.
969 2199 1065 2264 Docet
1092 2199 1285 2264 baxrrmmm
1310 2198 1384 2288 (54,
1398 2200 1453 2288 αα)
1486 2220 1595 2287 quem-

414 2303 585 2368 admodum
610 2303 691 2368 bene
713 2303 874 2368 scribendi
901 2304 1085 2369 lacultatam
1111 2304 1172 2368 sibi
1194 2312 1371 2388 comparet:
1403 2304 1594 2387 ἀρξάμενος,

414 2411 543 2494 inquil,
565 2410 629 2474 οὶτὸ
652 2415 711 2475 τῶν
728 2409 840 2490 οὶρίςωι
860 2417 990 2485 ποιητῶν
1014 2409 1067 2473 καὶ
1089 2410 1157 2474 barb
1180 2408 1430 2484 διδασκάλοις
1454 2412 1592 2485 αὐτοὺς
1654 2495 1657 2505 ¹

415 2516 606 2593 ἀναγνοὺς
627 2514 728 2593 μέτιθι
752 2515 802 2579 ἔτι
826 2515 897 2588 τοὺς
928 2518 1054 2597 ῥήτορας
1076 2513 1128 2579 καὶ
1153 2523 1191 2597 τῇ
1216 2513 1335 2578 ἐκείνων
1358 2520 1445 2598 Φωνῇ
1467 2539 1591 2598 συντρα-

413 2621 486 2703 φεὶς
510 2621 560 2686 ἔτι
580 2620 623 2685 τοὶ
649 2621 829 2685 Θουκυδιῖου
843 2620 894 2685 καὶ
915 2619 1082 2693 Πλάτωνος
1106 2621 1137 2684 ἐν
1158 2622 1249 2701 καιρῷ
1274 2618 1394 2698 μέτιθι,
1417 2621 1522 2688 πολλοὶ
1542 2622 1593 2687 καὶ

413 2736 453 2810 τῇ
474 2735 557 2808 καλῇ
576 2725 719 2808 κωμῳδία
736 2726 788 2791 καὶ
809 2733 848 2806 τῇ
865 2735 963 2808 σεμνῇ
984 2726 1142 2808 τραγῳδία
1163 2725 1486 2805 ἐγγεγυμνασμένος·
1510 2729 1596 2811 ταρα

413 2832 476 2913 γαρ
499 2832 614 2897 τούτων
645 2827 776 2896 ἅπαντα
803 2833 846 2896 τοὶ
868 2830 1009 2900 enitamur
1040 2828 1291 2909 ἀπανθισάμενος
1319 2830 1380 2897 ἔστι
1409 2855 1456 2906 τις
1484 2835 1515 2897 ἐν
1546 2833 1597 2899 tto'·

412 2957 491 3016 γοις.
540 2937 620 3015 Quis
644 2944 752 3000 autem
782 2935 841 2999 boc
862 2937 978 2999 melius
998 2943 1030 2999 et
1051 2935 1243 3019 diligentius·
1268 2934 1345 3001 lecit
1373 2955 1470 3023 quam
1490 2938 1597 3005 bucm-

413 3065 470 3110 uus
501 3043 587 3127 ipse,
619 3041 675 3125 qui
706 3039 826 3103 nullam
857 3039 952 3102 aliam
990 3038 1116 3104 laudem
1149 3041 1258 3105 acrius
1285 3042 1405 3128 expetit
1431 3061 1528 3128 quam
1560 3052 1597 3109 ut

413 3149 484 3225 illos
518 3140 653 3211 feliciter
684 3143 833 3208 videatur
861 3141 1000 3207 referre?
1056 3144 1159 3224 Quam
1194 3146 1237 3210 sit
1270 3146 1353 3211 idem
1390 3147 1527 3232 diligens
1564 3157 1597 3216 et

413 3254 529 3319 anxius
553 3247 707 3315 orationis
727 3268 824 3314 sanae
843 3257 875 3314 et
891 3249 1039 3334 propriae
1062 3257 1192 3316 exactor
1215 3250 1479 3337 observaturque,
1498 3273 1596 3340 quam

414 3359 563 3425 lubenter
583 3357 616 3420 in
639 3354 825 3420 huiusmodi
855 3361 1046 3438 argumento
1073 3363 1235 3432 versetur,
1259 3365 1294 3420 ut
1324 3377 1419 3422 usum
1445 3357 1594 3446 loquendi

414 3472 508 3531 acute
532 3460 664 3526 definiat
686 3467 719 3525 et
745 3458 846 3544 'proba
869 3479 887 3523 a
912 3459 1036 3525 vitiosis
1069 3462 1138 3526 sine
1168 3461 1297 3546 ineptiis
1318 3460 1519 3548 distinguat,
1547 3465 1595 3531 vel

412 3587 498 3636 unus
526 3564 652 3632 libellus
684 3561 809 3629 abunde
842 3564 1063 3631 demonstrare
1091 3566 1211 3650 possit,
1243 3567 1298 3650 qui
1322 3569 1548 3652 ψευδοσοφιςὶρς
1576 3573 1594 3649 ἢ

411 3676 583 3750 σοιοικιςής
607 3669 805 3735 inscribitur.
852 3669 943 3750 Quod
969 3670 1000 3734 in
1032 3671 1102 3735 eius
1132 3669 1203 3734 libri
1237 3670 1298 3737 fine
1328 3659 1480 3758 scripsit,
1512 3685 1595 3760 post·

413 3801 509 3868 quam
539 3775 694 3862 exemplis
718 3775 947 3861 complusculis
978 3785 1149 3862 aperuerat
1179 3795 1217 3842 ex
1245 3796 1306 3842 usu
1334 3786 1480 3844 veterum
1507 3789 1595 3846 certa

412 3885 601 3952 discrimina
618 3880 810 3957 verborum,
839 3881 957 3966 quibus
981 3881 1129 3967 aequales
1148 3899 1257 3947 omnes
1280 3884 1462 3968 promiscue
1483 3885 1594 3951 abute-

412 3993 553 4066 bantur,
584 3987 669 4050 viam
705 3987 784 4052 milri
812 3988 933 4071 optime
962 3987 1089 4050 muniet
1121 3985 1160 4050 ad
1194 3987 1226 4050 id
1257 3987 1341 4072 quod
1373 3987 1595 4056 demonstrare

412 4114 505 4183 paro:
528 4097 655 4167 ταῦτα,
689 4091 796 4177 inquit
832 4092 909 4179 (76,
942 4090 1015 4177 10),
1039 4089 1110 4164 ἴσως
1136 4092 1193 4168 μὲν
1217 4093 1495 4174 ὑποσυγκέχυται,
1521 4095 1592 4169 ἴσως

412 4203 444 4268 bl
464 4201 516 4265 cul
538 4200 722 4281 ἀκριβοῦται
747 4196 834 4277 ταροί
853 4219 933 4274 τισι,
960 4193 1086 4273 βέλτιον
1105 4195 1137 4259 δὲ
1154 4196 1189 4260 τὸ
1212 4197 1359 4277 ἀκριβοῦν
1383 4199 1494 4281 incisu.
1528 4201 1594 4266 Hoc

410 4310 517 4397 ipsum
543 4305 575 4370 in
601 4306 669 4390 ipso
697 4302 827 4367 bucuuo
850 4301 1030 4367 luculenter
1049 4301 1205 4365 cernitur.
1254 4301 1286 4367 si
1311 4304 1387 4389 quid
1415 4304 1594 4390 degenere

410 4415 471 4482 boc
495 4417 640 4478 notatum
671 4415 703 4473 et
726 4407 928 4473 observatum
950 4405 1103 4482 haberet,
1133 4425 1194 4472 non
1218 4409 1249 4472 in
1279 4417 1427 4474 naturam
1449 4412 1595 4478 vertebat

411 4520 467 4584 scd
490 4514 664 4583 identidem
693 4510 879 4597 imprudens
899 4511 938 4575 ad
963 4509 1145 4597 aequalium
1169 4511 1395 4598 negligentiam
1416 4515 1519 4582 delabi
1545 4538 1592 4582 so-

410 4621 504 4687 lebat.
541 4618 633 4705 Apud
657 4617 819 4703 aequiores
841 4616 936 4682 ι’σιουο
954 4627 1039 4703 ροισι
1060 4616 1181 4683 dicitur
1203 4619 1337 4700 ἀνέῳγεν
1361 4621 1377 4696 ἡ
1401 4621 1593 4708 tuamne

407 4725 548 4799 celeres,
578 4724 603 4785 si
631 4721 758 4808 quando
788 4722 922 4805 οὶυέργεν
946 4725 1109 4801 occurrit,
1142 4721 1365 4808 imperfectum
1391 4736 1437 4793 est
1468 4728 1592 4822 signifi7
