3767 5717
949 599 1014 664 324

394 806 496 862 eterna
518 792 573 860 rad
593 794 812 876 ἀναφανῆναι,
843 793 878 857 in
896 815 962 883 qno
983 792 1081 858 verbo
1100 791 1385 884 patefacti‘erraris
1404 787 1454 857 vel
1474 789 1566 858 tran·

394 902 444 967 dis
465 901 553 967 notio
572 900 700 979 subest,
721 910 758 965 nt
776 899 811 964 in
830 897 995 966 Pmoms
1015 898 1166 991 δηνάριον.
1188 924 1220 990 p.
1245 895 1307 966 185
1328 918 1359 966 λ.
1382 897 1565 980 ἀναφανέν·

392 1029 445 1078 τος
468 1010 522 1070 τοῦ
546 1007 657 1086 ε’ραςοῦ
676 1004 824 1082 πένητος,
845 1016 877 1071 et
895 1005 1000 1070 ioeose
1022 1006 1055 1070 in
1075 1004 1157 1095 Bep.
1179 1003 1205 1072 1.
1226 1027 1261 1094 p.
1281 1006 1346 1071 334
1368 1023 1398 1068 Δ.
1421 1000 1562 1076 κλέπτης

392 1109 455 1193 ἀρα
480 1133 528 1182 τις
556 1110 571 1173 ὁ
600 1109 715 1183 δίκαιος
739 1111 986 1192 ἀναπέφανται,
1012 1123 1043 1177 et
1062 1133 1156 1201 saepe
1175 1109 1261 1200 apud
1280 1107 1438 1178 Oratores.
1472 1107 1568 1194 §390

393 1215 443 1280 έπί
468 1215 575 1294 πολλῷ
597 1214 768 1300 ἐπριάμην,
792 1215 952 1304 aequiores
970 1239 1030 1306 pro
1051 1221 1181 1282 πολλοῦ.
1217 1215 1255 1280 ln
1275 1220 1335 1293 54,
1355 1219 1385 1280 3.
1404 1210 1476 1282 τοὺς
1494 1208 1564 1274 ἔλθ-

391 1323 520 1399 φαντας
554 1318 763 1397 ἐπισάξαντες
794 1321 847 1384 καί
878 1322 949 1394 τοὺς
975 1322 1113 1403 πύργους
1146 1321 1326 1399 ἀναθέμενοι
1351 1320 1402 1384 ἔπ’
1427 1313 1562 1393 αὐτούς,

392 1425 476 1491 mele
494 1447 553 1514 pro
571 1424 749 1496 ἀναθέντες.
799 1423 836 1489 ln
858 1425 1040 1516 Equz'tibua
1064 1449 1109 1492 νε.
1132 1427 1229 1489 1056.
1590 1419 1593 1423 ’

411 1577 415 1582 .
495 1584 499 1589 .
539 1529 594 1594 καί
617 1552 653 1594 κε
676 1529 755 1608 γυνή
778 1530 864 1612 φέροι
888 1529 987 1612 άχθος
1010 1529 1080 1596 ἐπεί
1102 1553 1153 1594 κεν
1176 1530 1250 1609 ἀνήρ
1274 1527 1353 1592 ἀναθ
1371 1526 1414 1603 ίη.

392 1657 512 1727 repone
541 1633 781 1700 coniunctivnm
805 1635 945 1717 ἀναθείη.
965 1634 1017 1700 .In
1039 1641 1056 1724 §
1080 1637 1138 1714 59,
1159 1637 1188 1698 2.
1212 1632 1358 1714 ἀπέφηνε
1381 1631 1438 1707 τήν
1460 1629 1563 1710 Τύρου

391 1740 549 1808 ἀπθςασιν
581 1741 617 1803 εἰς
648 1746 707 1812 τῆς
737 1742 898 1804 Ἀπελλοῦ
931 1741 1115 1819 συμβουλῆς
1149 1737 1330 1816 γεγονέναι,
1364 1734 1570 1825 negligenter·

392 1868 452 1936 pro
472 1853 658 1922 γεγονυῖαν,
693 1843 739 1908 sie
766 1855 798 1909 et
821 1847 880 1921 60,
903 1846 960 1910 11..
978 1846 1090 1910 θάττον
1113 1844 1152 1910 ἀν
1175 1845 1228 1909 τὸν
1252 1839 1406 1922 Ἐρεχθέα
1427 1840 1480 1904 καί
1508 1838 1564 1904 τὸν.

391 1949 536 2029 Κέκροπα
554 1946 659 2022 ξένους
679 1948 859 2030 ἀποφήναις
883 1946 962 2014 εἶναι
990 1972 1050 2039 pro
1070 1950 1178 2028 ὄντας,
1201 1960 1232 2012 et
1253 1946 1322 2014 aliis
1342 1945 1431 2010 loeis.
1467 1947 1484 2029 §
1504 1947 1560 2010 21.

393 2051 453 2123 τάς
472 2057 584 2130 χεῖρας
610 2047 770 2128 ὀρέγουσαι
796 2051 850 2116 καί
873 2052 934 2124 τάς
956 2055 1046 2135 θύρας
1070 2055 1293 2129 ἀναπετῶσαι,
1325 2064 1419 2142 turpe
1440 2051 1563 2118 vitium.

394 2157 551 2223 Graecum
573 2152 876 2235 εεῑάναπετάννυμι
897 2158 954 2230 τήν
979 2159 1086 2238 θύραν,
1107 2168 1139 2222 et
1158 2159 1306 2222 ἀναπετῶ
1328 2157 1413 2247 epud
1435 2156 1565 2224 Veteres

394 2260 539 2327 futurum
560 2268 617 2321 est.
649 2254 772 2323 Samis
789 2261 979 2326 ἀναπετῶι
1004 2259 1211 2326 ἀναπετάσαι.
1239 2257 1426 2346 Μένανδρος·

977 2363 1087 2437 ἀλλοις
1111 2367 1258 2430 ἀναπεσεῖν

617 2467 702 2532 τουτί
727 2470 897 2549 προσελθὼν
922 2473 997 2536 κούκ
1020 2471 1146 2549 ά’νέξομ’
1169 2470 1282 2535 οὐκέτι.

394 2571 447 2640 καί
480 2572 512 2638 ἕν
540 2572 699 2652 Συνερύση
727 2573 781 2636 καί
811 2573 942 2654 ἑτέραις.
992 2572 1049 2641 leti
1079 2574 1252 2665 praesentis
1283 2596 1365 2663 quae
1395 2574 1498 2640 torma
1526 2576 1567 2640 sit

394 2675 561 2751 nesciunt,
593 2673 738 2742 futurum
765 2700 825 2767 pro
855 2679 1014 2767 praesenti
1041 2680 1198 2746 scribunt:
1218 2680 1464 2745 ἀναπεταννύειν
1487 2679 1566 2745 dixit

396 2785 489 2869 §36
521 2779 619 2870 paulo
648 2794 721 2870 post
747 2782 885 2863 λαθρηῶά
909 2783 988 2850 dixit
1007 2791 1125 2864 σεμνῶς
1149 2784 1312 2871 πάνυριο
1330 2783 1441 2868 λάθρα.
1475 2788 1566 2874 522,

396 2890 455 2956 ύπὸ
484 2887 601 2952 τούτων
629 2886 777 2952 ἀνιέντων
791 2891 1084 2970 συμμαχούμενοι,
1110 2891 1217 2981 inepte
1238 2911 1296 2978 pro
1314 2889 1440 2962 τούτους
1462 2888 1569 2966 ἀπαυ-

395 3017 455 3065 τας
484 2990 697 3070 συμμάχους,
728 2993 963 3070 συναγανιςάς,
997 2993 1135 3074 ἔχοντες.
1170 2997 1260 3082 §ta
1284 2993 1367 3065 εἰδὼς
1391 2991 1462 3074 έση,
1481 2993 1567 3059 idem

396 3097 509 3166 vitium
539 3107 636 3185 atque
664 3099 765 3168 έοιαῶς
787 3095 841 3180 ἔτη
868 3119 926 3187 pro
954 3097 1029 3162 είσει
1057 3110 1089 3164 et
1116 3099 1219 3176 είξεις.
1254 3098 1352 3163 altera
1372 3095 1568 3162 formaerat

396 3204 505 3278 είθήσοι
536 3202 684 3267 omnibus
710 3203 743 3266 in
772 3223 847 3279 usu,
877 3225 961 3291 quae
982 3201 1076 3270 foede
1096 3214 1245 3292 corrupta
1266 3213 1314 3267 ast
1336 3201 1369 3264 in
1389 3199 1568 3276 hammer

398 3308 438 3376 V
435 3310 488 3374 ita
508 3308 655 3396 Pyteag.
676 3310 768 3392 §¹48.
793 3307 977 3390 σπουδάζειν
1002 3309 1033 3373 δὲ
1054 3309 1106 3372 καί
1131 3313 1220 3373 ποῶπο
1246 3306 1327 3376 θπιος
1348 3305 1436 3368 αύτοί
1454 3329 1490 3368 τε
1508 3328 1567 3382 μο-

397 3427 452 3485 νας
477 3412 596 3485 ἐκείνας
614 3414 772 3488 είδήσυσιν
795 3409 834 3476 αί
848 3435 884 3476 τε
906 3420 1055 3489 γυναῖκες
1079 3414 1123 3491 μή
1148 3411 1308 3478 νοθεύσοιτι
1331 3409 1365 3472 τὸ
1384 3407 1486 3487 γένος,
1508 3431 1568 3498 pro

397 3516 566 3590 είδήσσυσιν
587 3527 620 3581 et
636 3515 819 3582 νοθεύσουσι.
856 3518 873 3599 §
895 3507 947 3581 19.
973 3517 1026 3582 οὐκ
1043 3514 1215 3593 ἐπιβαίνεις
1235 3535 1400 3604 perperam
1422 3513 1481 3601 pro
1502 3516 1569 3580 ε’πι·

397 3620 518 3698 δημεῖς.
555 3621 611 3688 Est
631 3643 745 3711 operae
765 3618 906 3710 pretiu'm
925 3619 1033 3688 ridere
1050 3621 1084 3685 in
1105 3623 1143 3706 §§
1165 3625 1207 3686 24
1229 3632 1261 3686 et
1279 3625 1320 3686 29
1343 3641 1439 3710 quam
1459 3619 1571 3686 vitiose
1630 3655 1632 3658 ·

397 3724 494 3790 multi
524 3736 593 3791 tum
623 3727 851 3816 loquerentur,
884 3727 980 3792 etiam
1011 3727 1035 3791 ii
1066 3727 1122 3816 qui
1142 3727 1380 3806 πεπαιδευμένοι
1411 3736 1515 3790 essent
1536 3736 1568 3792 et

398 3831 562 3920 eleganter
588 3831 717 3900 dicendi
746 3831 874 3898 laudem
904 3832 989 3922 apud
1014 3833 1129 3922 vulgus
1151 3845 1326 3922 captarent.
1375 3830 1569 3920 Turpissima

398 3946 473 4001 runt
501 3937 778 4016 χειροβλημάσθαι
808 3936 944 4027 (em-rige
976 3948 1082 4002 tamen
1108 3937 1395 4017 χειροβλιμάσθαι,
1429 3957 1504 4000 nem
1531 3957 1570 4001 ex

398 4037 570 4120 βλιμάζειν
593 4049 632 4120 πή
652 4040 735 4121 χειρί
762 4040 796 4106 id
817 4056 996 4109 monstrum
1019 4055 1130 4108 natum
1150 4042 1232 4131 est),
1255 4042 1420 4107 ἀπέκτεινε
1446 4042 1570 4124 θάτερον

400 4142 451 4210 rel
469 4140 576 4223 ἀτερον
601 4150 661 4209 τῶν
687 4147 839 4225 πενήτων,
864 4153 952 4227 τριῶν
973 4155 1096 4226 μηνοῖν,
1121 4146 1280 4227 ἐκχύνειν,
1316 4158 1347 4211 at
1374 4169 1438 4211 non
1467 4149 1572 4212 multo

399 4246 533 4316 meliora
562 4247 625 4314 iam
654 4250 839 4333 notavimus?
860 4252 945 4342 apud
974 4252 1098 4342 ipsum,
1131 4253 1187 4342 qui
1214 4251 1293 4318 haee
1315 4253 1429 4338 acerbe
1449 4266 1481 4322 et
1500 4254 1570 4320 inre

399 4351 617 4444 reprehendit.
663 4354 848 4444 Lexiphane
868 4357 1001 4446 dignum
1021 4370 1069 4422 est
1090 4361 1148 4437 16,
1170 4362 1197 4424 l.
1220 4357 1365 4436 ἀλοχον
1386 4360 1569 4424 καταλιπὼν

400 4461 452 4526 τὸν
474 4454 571 4537 οἶκον,
603 4458 644 4524 de
672 4481 710 4524 eo
740 4460 797 4549 qui
818 4462 848 4525 έν
876 4463 919 4543 τῷ
950 4461 1019 4544 οίκῳ
1049 4461 1161 4540 λύγους
1184 4465 1240 4528 οθκ
1267 4463 1451 4539 ε’ποιήσαποε
1473 4463 1569 4552 paulo

400 4575 475 4630 ante
498 4585 557 4655 pro
581 4563 731 4642 νήξασθαι
756 4565 828 4642 ήδύν
850 4565 972 4634 dietum
994 4568 1136 4658 oportuit
1154 4568 1352 4646 ε’ννήξασθαι.
1399 4566 1436 4632 in
1458 4572 1517 4647 66,
1538 4572 1571 4636 9.

401 4669 474 4750 πρὸς
499 4668 622 4742 ἀντίους
647 4670 718 4744 τοὺς
744 4671 890 4748 ἐτησίας,
916 4673 1019 4747 ἀντίος
1049 4673 1165 4760 ionum
1195 4684 1243 4742 est
1268 4683 1301 4738 et
1322 4672 1572 4750 xaaornorns,
