3767 5717
896 619 917 685 ὑ

314 794 354 862 -in
367 796 467 862 veteri
480 794 641 881 scriptura
653 793 700 859 cil
712 789 888 869 differunt,
908 799 945 857 ut
958 792 1130 857 Hcsrcurus
1143 790 1174 855 in
1187 788 1332 855 ordinem
1347 787 1504 875 receperit

320 903 445 976 ἕνιηλὺν
459 902 663 987 protocteto,
680 900 758 980 >ipius
768 916 825 982 pro
836 905 928 980 aptus,
939 904 972 965 ct
984 903 1134 963 sexcenta
1147 893 1378 962 eiusdemmodi
1391 901 1423 977 et
1436 894 1504 979 ipse

318 1013 352 1071 et
373 1006 473 1073 ceteri
498 1003 723 1091 peccaverint,
756 1002 873 1087 arripit
895 1001 1093 1069 confidenter
1116 999 1306 1067 vocabulum
1329 995 1504 1083 quodlibet.

319 1113 392 1190 'ride
417 1116 492 1200 quia
521 1114 620 1181 scribi
644 1111 765 1178 solebat
796 1096 848 1183 fc
880 1131 1122 1197 nonnumquam
1147 1111 1180 1175 in
1206 1107 1240 1184 ὑς
1271 1110 1371 1186 abiit,
1406 1106 1506 1175 semel

318 1217 386 1284 vidi
408 1241 479 1285 sues
509 1221 543 1285 in
565 1217 792 1304 filiasfamilias
816 1237 986 1285 conversos
1020 1215 1104 1303 apud
1134 1215 1283 1281 Arounon.
1307 1212 1377 1279 tea
1410 1212 1503 1279 Hom.

318 1344 349 1409 p.
377 1328 451 1390 152.
479 1345 509 1390 r.
545 1322 751 1405 ὑνιιιιτνρίησι.
799 1323 892 1411 Apud
927 1322 1051 1389 Soxrun
1082 1322 1253 1387 Eurrnrcuu
1284 1318 1356 1391 odo.
1396 1318 1505 1382 Gram-

318 1438 395 1493 mot.
420 1428 504 1493 Vlll.
527 1438 560 1519 §c
576 1432 629 1494 59.
654 1428 721 1493 vidi
734 1428 884 1495 librarios
905 1447 963 1514 pro
985 1428 1034 1510 ῥίῳ
1061 1428 1184 1503 ὑλήεντι
1208 1426 1334 1505 ὑψηλῶν
1358 1422 1443 1506 ὑμέων
1467 1442 1507 1488 ex

319 1536 668 1607 Tt‘HAttNOPenN
692 1531 856 1599 effinxisse
874 1534 985 1615 ὑψηλῷ
1004 1537 1106 1613 νοννῶν
1126 1538 1157 1596 ct
1181 1530 1227 1595 ita
1250 1527 1406 1596 edebatur
1432 1536 1507 1593 ante

319 1639 495 1705 Funeratus.
543 1636 666 1703 Addam
700 1659 802 1705 unum
824 1637 1007 1726 exemplum
1032 1633 1230 1703 incredibilis
1261 1633 1508 1719 incogitantiae,

318 1762 403 1830 quae
425 1742 512 1809 viros
533 1741 644 1808 doctos
666 1744 851 1811 ioculariter
875 1741 999 1809 lelellit.
1046 1742 1160 1809 Exstat
1185 1738 1331 1805 Scholion
1351 1739 1507 1805 eximium

313 1848 363 1915 -ad
393 1846 503 1934 Odpsa
534 1870 569 1925 ν.
595 1853 635 1915 m
661 1869 700 1915 ea
716 1850 906 1917 ‚Amsrnncnr
935 1846 1178 1917 commentariis
1202 1843 1363 1923 νιὺτολεξεὶ
1389 1844 1508 1911 descri-

313 1962 434 2041 ptum:
458 1989 503 2004 -
523 1952 678 2045 dorlani}
701 1957 743 2038 τῷ
768 1964 878 2037 ποιητῇ
901 1954 946 2021 τὰ
968 1958 1112 2021 rotatae.
1138 1950 1189 2019 aul
1215 1952 1278 2034 obp
1314 1956 1379 2018 νῦν
1399 1949 1508 2039 (scrib.

323 2056 385 2125 οὖν.
407 2057 522 2125 inserit
545 2058 757 2148 Burmannus)
782 2061 876 2130 αὑτὸν
899 2057 1040 2141 παραίνει
1059 2057 1185 2136 εἰδότα,

491 2162 580 2229 ὑλλὺ
602 2188 653 2244 μοι
677 2163 743 2249 εἴφ’
761 2162 821 2242 dun
845 2164 941 2248 ἔσχες
965 2166 1014 2232 tto
1037 2162 1168 2245 εὐεργέα
1188 2172 1257 2240 νῆιν.

322 2270 376 2337 xci
401 2268 536 2345 oculoru
553 2270 723 2345 Ἑλληνίδα
741 2274 908 2355 φωνην-
930 2271 1138 2337 Anrsrancnos
1155 2269 1327 2355 scripserat
1350 2288 1412 2333 non
1437 2270 1509 2342 νὺν,

323 2376 457 2461 opinor,
478 2374 580 2441 multo
604 2374 713 2442 minus
736 2376 804 2455 οὑν,
830 2376 885 2443 sed
905 2382 1011 2443 ννιὺν.
1059 2374 1198 2440 lstornm
1215 2373 1317 2459 igitur
1329 2369 1511 2436 scribarum

323 2480 455 2545 inscitia
477 2480 648 2547 coniuncta
673 2500 748 2547 cum
772 2482 984 2568 incogitantia
1003 2488 1035 2547 et
1056 2478 1223 2559 socordia,
1246 2476 1374 2564 qualem
1407 2484 1511 2542 osten·

324 2583 455 2659 dimus,
488 2593 655 2668 grassatur
686 2606 743 2671 per
766 2607 877 2653 omnes
908 2587 1045 2671 scriptos
1076 2585 1176 2651 libros
1205 2583 1320 2650 aetatis
1339 2579 1513 2649 cuiuslibet

326 2695 359 2753 et
391 2706 448 2773 pro
468 2686 604 2753 diversis
636 2689 833 2773 temporibus
862 2688 1052 2773 diversoque
1082 2709 1170 2754 rnore
1197 2686 1358 2753 scribendi
1386 2685 1514 2751 divorsa

316 2811 446 2879 genera
469 2789 553 2857 ludit
575 2809 742 2867 errorum,
773 2792 805 2857 in
830 2791 948 2878 quibus
971 2810 1070 2877 qnmn
1095 2794 1137 2858 sit
1157 2790 1314 2877 quaedam
1337 2789 1516 2857 constantia

323 2906 357 2965 et
379 2896 479 2964 veluti
513 2916 648 2972 norma,
683 2898 831 2982 sequitur
859 2906 896 2965 ut
931 2896 1080 2964 medendi
1112 2916 1239 2984 qnoque
1265 2904 1298 2961 et
1321 2893 1512 2962 emendandi

323 3001 479 3089 quaedam
508 3022 578 3068 esse
599 3000 712 3068 debeat
735 3003 899 3091 analogia,
933 3010 1129 3090 quapropter
1152 3020 1279 3069 ornnem
1304 3000 1388 3069 hanc
1406 3000 1514 3088 dispu-

322 3109 477 3175 tationem
502 3107 638 3193 ingressi
661 3128 787 3176 snmus.
836 3109 872 3174 ln
895 3128 933 3177 ea
952 3129 989 3175 re
1009 3107 1068 3173 hoc
1092 3108 1233 3193 primum
1258 3106 1514 3175 animadverten-

316 3212 464 3281 -dumest
489 3212 668 3281 scribarum
689 3234 835 3292 errores,
859 3233 923 3300 qno
939 3216 1006 3282 sint
1022 3215 1241 3301 antiquiores,
1264 3234 1301 3280 eo
1318 3212 1513 3299 simpliciore

318 3327 358 3385 et
377 3318 513 3385 certiore
529 3317 690 3387 medicina
713 3338 805 3406 posse
830 3318 907 3385 tolli.
930 3318 1078 3385 Nondum
1099 3327 1267 3406 grassatur
1288 3317 1463 3385 temeraria
1482 3326 1516 3383 et

324 3422 495 3510 impudens
512 3423 736 3509 interpolatio,
760 3423 902 3490 nondum
924 3423 1008 3491 male
1031 3424 1134 3491 seduli
1164 3430 1362 3491 correctores
1385 3442 1443 3489 suo
1466 3442 1516 3489 ar·

324 3529 447 3596 bitratu
468 3527 552 3614 qnod
581 3549 644 3593 non
675 3529 754 3594 satis
781 3531 914 3615 capiunt
938 3528 1072 3595 delendo
1095 3537 1152 3595 aut
1182 3527 1326 3595 addendo
1351 3527 1516 3613 relinqunt

324 3643 358 3701 et
385 3635 536 3719 antiquae
557 3634 737 3719 scripturae
760 3636 895 3719 vestigia
918 3634 1026 3700 omnia
1046 3631 1251 3699 conturbant.
1287 3632 1428 3697 litterae
1441 3653 1515 3717 quo·

316 3740 433 3804 -drotoe
445 3739 512 3803 sive
533 3736 692 3813 unciales,
711 3745 748 3803 ut
767 3756 853 3801 nunc
877 3737 1066 3824 pervulgato
1087 3756 1148 3802 usu
1167 3735 1368 3822 appellantur
1383 3742 1413 3809 1,
1440 3754 1514 3799 ocu·

366 4040 391 4111 ²)
410 4050 527 4099 Litterae
549 4053 666 4102 unciolm
685 4054 753 4119 apud
774 4055 932 4120 antiquiores
960 4070 1011 4105 uno
1032 4059 1131 4105 tantum
1156 4056 1231 4115 loco,
1257 4054 1326 4121 quod
1350 4054 1445 4113 sciam,
1471 4071 1516 4102 no-

326 4131 457 4180 minantur
483 4131 615 4180 limorum
644 4134 671 4182 in
692 4135 797 4183 Praelat.
828 4136 859 4184 nd
889 4135 982 4185 librum
1005 4135 1063 4184 lodi
1082 4137 1242 4199 telludem,
1269 4134 1373 4201 inquit,
1401 4136 1446 4201 qui
1476 4149 1516 4181 uo·

330 4212 401 4272 lunt,
432 4218 528 4259 veteres
552 4211 632 4259 libros
655 4213 697 4261 vel
721 4216 752 4263 in
775 4217 928 4264 marubronis
948 4218 1091 4281 purpureis
1120 4233 1183 4266 ouro
1203 4224 1354 4283 argentoque
1375 4215 1516 4278 &sumptos

327 4293 370 4340 cel
385 4291 547 4353 uncialibus,
570 4298 603 4339 ut
628 4293 705 4358 vulgo
726 4296 819 4353 aiunt,
851 4296 945 4345 litteris
974 4311 1049 4345 macru
1068 4300 1155 4364 onogia
1173 4304 1283 4346 exorata
1304 4312 1379 4361 quom
1402 4294 1516 4355 codices,

327 4371 457 4420 dummodo
480 4372 547 4419 mitt
578 4373 690 4436 meisque
711 4376 869 4437 pemoittont
892 4392 1019 4441 pauperes
1047 4378 1136 4425 babere
1170 4376 1304 4426 schedulas
1338 4382 1364 4424 et
1388 4391 1437 4423 uon
1463 4381 1517 4421 tum

324 4453 447 4518 pulchros
472 4452 569 4500 codices
597 4468 671 4516 quom
698 4454 858 4518 ernendotos,
888 4472 965 4520 quem
994 4457 1079 4505 locum
1109 4458 1154 4521 qui
1183 4458 1245 4506 mihi
1275 4456 1394 4504 indicavit
1420 4456 1515 4503 llcxnru

330 4539 399 4581 recte
427 4533 534 4597 explieat
560 4532 657 4580 litteras
684 4534 813 4599 unciales,
841 4536 905 4600 quod
928 4538 1048 4586 baberent
1073 4540 1164 4587 atrociae
1188 4552 1232 4586 seu
1255 4535 1363 4602 pollicis
1389 4536 1521 4601 ortogua'tu·

329 4612 427 4676 directo,
447 4612 474 4660 in
494 4612 583 4663 Doctr.
603 4612 707 4663 Nurum.
729 4614 758 4663 V.
776 4630 801 4680 p.
824 4617 853 4665 4.
