3767 5717
864 638 938 745 59·

282 817 383 896 dum,
418 833 558 903 namque
590 814 782 896 ἐξαγορεύειν
811 812 896 879 idem
927 818 977 878 est
1008 808 1093 897 quod
1119 810 1280 893 ἐκφέρειν,
1316 809 1466 899 sulpura,

280 926 389 1010 polono
408 929 534 1012 (uene,
561 931 595 987 ut
617 924 796 987 innotescat
824 918 990 993 omrrilrns3
1014 918 1193 1002 requiritur
1214 916 1362 981 inclinium
1385 918 1468 1003 soce-

280 1052 317 1095 οε
337 1031 407 1095 uiro
437 1028 476 1097 de
507 1027 618 1093 uxoris
645 1025 788 1111 flagitio,
811 1024 895 1110 quod
925 1024 1148 1104 καταγορεύειν
1172 1022 1221 1088 vel
1243 1023 1369 1101 αννύειι
1390 1020 1470 1087 dici·

281 1144 346 1201 tur.
394 1135 516 1199 Atticus
545 1132 647 1217 igitur
679 1132 710 1195 io
743 1150 780 1197 ea
812 1148 848 1195 re
880 1139 1029 1195 κατεῖπον
1057 1129 1262 1213 scripsisset,
1291 1126 1470 1197 Ἀεοιιαοαύ

281 1261 394 1307 omnes
417 1247 572 1326 perpetuo
589 1236 652 1303 labi
666 1236 787 1314 solent,
809 1254 948 1321 qnorum
962 1234 1071 1301 nullus
1087 1242 1156 1309 est,
1176 1232 1261 1320 apud
1284 1250 1380 1319 quem
1406 1252 1471 1299 nou

282 1366 377 1431 saepe
400 1345 551 1429 legantur
573 1360 611 1408 ea
633 1343 762 1418 omnia,
788 1362 870 1428 quae
893 1341 933 1405 ab
955 1341 1162 1425 antiquorum
1187 1360 1264 1407 sana
1286 1347 1320 1405 et
1343 1340 1470 1405 sincera

281 1451 395 1535 lingua
414 1450 520 1515 aliena
542 1466 611 1513 esse
633 1446 937 1514 demonstravimus.
985 1445 1214 1531 Exemplorum
1235 1462 1336 1530 quum
1357 1446 1401 1511 sit
1421 1444 1469 1508 ln·

282 1576 364 1641 gens
386 1555 492 1639 copia,
510 1553 589 1619 satis
610 1551 732 1617 habebo
755 1572 857 1639 pauca
879 1549 1037 1637 quaedam
1061 1570 1079 1617 c
1103 1548 1233 1619 Lucumo
1254 1548 1369 1617 efferre
1389 1549 1467 1617 XLI.

283 1665 338 1727 24.
362 1657 394 1725 ὃν
412 1656 655 1737 ἀναβιβάσομαι
679 1656 946 1737 συναγορεύσοντά
969 1680 1030 1733 σοι,
1055 1674 1113 1741 pro
1129 1654 1240 1721 Arrius
1259 1656 1469 1734 οὶνοιβιβῶμοιι

281 1770 466 1846 συνοροῦντα
504 1762 571 1828 XV.
600 1768 640 1829 15
671 1762 818 1843 ἠγόρευσε
848 1770 950 1836 κακῶς
972 1780 1028 1847 pro
1052 1756 1120 1827 εἷσε
1156 1759 1296 1825 xxxiv.
1323 1765 1342 1825 5
1378 1784 1469 1843 προορ-

279 1869 408 1951 nupsero
440 1870 524 1950 αὐτῷ
557 1868 608 1931 tat
632 1867 676 1933 σοὶ
707 1867 812 1947 γέλγη
837 1870 1009 1941 denuncio,
1043 1872 1141 1950 alque
1170 1864 1249 1933 haec
1279 1865 1470 1933 Luxurunnus

280 1976 361 2041 dicit
392 1976 406 2040 o‘
432 1971 694 2057 ύπερασσιιύζοιν,
734 1974 791 2059 qui
824 1974 891 2055 περὶ
922 1974 966 2039 τύ
1004 1971 1110 2050 γέλγη
1145 1969 1292 2047 dixerat,
1323 1972 1469 2037 nonnum

283 2080 463 2147 sublectum
481 2079 567 2165 apud
590 2078 814 2145 Pomuceulll.
839 2084 891 2145 47.
925 2078 1072 2145 neuneu
1094 2084 1201 2141 nutem
1223 2076 1379 2145 xxxvu.
1409 2082 1468 2154 ll,

284 2186 340 2255 llos
362 2195 394 2251 et
416 2185 517 2250 robur
538 2182 753 2271 Cynicorum,
776 2182 877 2249 dicit:
902 2181 948 2249 ὅτι
972 2217 1016 2231 --
1040 2186 1136 2248 πᾶσιν
1161 2183 1245 2249 αὐτοὶ
1263 2181 1469 2264 ἐξαγορεύ·

283 2316 377 2366 σειν,
412 2290 539 2374 corrige
573 2287 794 2370 ἐξαγορεύσει,
829 2287 883 2354 uhi
907 2296 1032 2355 veteres
1063 2308 1127 2355 uno
1156 2306 1211 2357 ore
1231 2306 1344 2355 omnes
1372 2288 1471 2371 ἐξερεῖ

287 2394 402 2461 dicturi
427 2393 574 2460 inissent.
1277 2453 1281 2465 .

331 2500 387 2566 llis
416 2500 554 2584 denique
585 2498 702 2565 addam
733 2498 889 2564 iodicium
914 2500 1062 2586 perpetui
1095 2498 1263 2567 cniusdam
1288 2500 1381 2577 vitii,
1405 2520 1470 2585 quo

294 2602 366 2667 olim
388 2608 527 2670 omnium
551 2602 625 2670 libri
656 2605 821 2690 inquinari
853 2604 997 2671 solebant
1026 2613 1058 2671 et
1081 2604 1271 2681 Atticorum,
1303 2614 1335 2671 et
1355 2606 1382 2669 si
1411 2606 1472 2690 qui·

297 2726 403 2773 eorum
431 2728 521 2794 quam
543 2709 699 2776 simillimi
731 2728 801 2774 esse
830 2709 1107 2777 colemannum
1140 2708 1312 2776 Atticomon
1345 2711 1469 2795 scripta

297 2813 482 2880 nonnihiloa
499 2814 569 2881 labe
591 2815 724 2901 purgari
745 2822 967 2899 cooptasset,
994 2814 1220 2883 Atticistarum
1241 2812 1468 2885 eodemmodo

294 2920 419 3005 purgari
441 2929 585 3006 oportere
610 2940 704 2987 nemo
729 2918 834 2985 adlruc
858 2920 1017 3005 suspicari
1052 2918 1189 2987 videtur.
1237 2918 1371 2991 Priusne
1399 2940 1471 3005 per·

292 3044 382 3091 sonae
415 3026 447 3091 in
467 3062 514 3075 --
536 3048 610 3105 ομοι
641 3025 772 3093 exeunti
804 3025 975 3111 respondet
1007 3024 1147 3094 secunda
1177 3025 1211 3089 in
1234 3060 1280 3075 -
1301 3050 1327 3089 ει
1359 3027 1469 3093 eniens

289 3129 370 3215 apud
395 3130 529 3209 Atticos,
553 3132 587 3197 in
605 3168 651 3181 -—
671 3157 689 3213 γ
712 3130 796 3216 apud
830 3130 1012 3199 Graeculos.
1059 3131 1177 3197 Forma
1199 3131 1234 3195 in
1253 3168 1299 3181 --
1318 3156 1335 3213 ρ
1353 3134 1471 3199 veteri..

287 3233 344 3300 hus
363 3235 508 3301 inaudita
526 3244 576 3301 est
596 3236 629 3300 in
655 3236 859 3311 iudicationis,
885 3244 997 3303 contra
1026 3236 1127 3303 lorrna
1151 3238 1185 3303 in
1202 3272 1251 3287 -
1269 3260 1294 3301 ει
1317 3237 1403 3323 apud
1423 3258 1469 3305 se·

287 3344 411 3425 quiores
423 3360 534 3407 ornnes
553 3360 684 3428 prorsus
696 3341 837 3408 obsoleta
856 3349 923 3417 est,
947 3350 1176 3427 praeterquam
1192 3341 1225 3407 in
1244 3343 1372 3421 βούλει,
1394 3346 1469 3422 οἷον,

285 3445 362 3527 tter.
408 3445 503 3512 Nulla
535 3453 643 3512 autem
669 3447 702 3511 io
726 3466 762 3513 re
784 3445 934 3515 Graeculi
962 3448 1163 3515 constantius
1193 3448 1387 3534 antiquioris
1409 3436 1469 3517 lin·

284 3570 365 3636 guae
396 3571 491 3616 usum
522 3550 747 3619 obscurarunt.
795 3551 876 3634 Quia
899 3550 1082 3625 Macedones
1104 3550 1216 3619 lormis
1239 3554 1274 3617 in
1295 3592 1340 3605 --
1363 3582 1380 3639 ρ
1401 3562 1469 3623 ute·

283 3655 417 3733 bantur,
442 3654 657 3733 factumest,
680 3664 716 3723 ut
736 3658 801 3723 ianr
825 3659 859 3723 in
880 3659 1116 3727 vetustissimos
1134 3656 1234 3728 libros
1256 3657 1470 3725 Alenorulrr'oe

282 3750 420 3847 scriptos
441 3762 640 3848 irreperent,
676 3761 791 3829 deinde
813 3763 930 3847 serpsit
955 3761 1077 3828 malum
1106 3760 1243 3827 ulterius
1265 3768 1298 3827 et
1321 3782 1378 3848 per
1401 3784 1467 3829 orn-

282 3887 340 3933 nes
371 3866 607 3931 Atheniensium
636 3867 735 3933 libros
764 3874 941 3953 grassatur.
990 3865 1058 3931 Non
1082 3872 1131 3933 est
1155 3886 1241 3933 unus
1263 3866 1344 3935 liber
1368 3871 1467 3957 scrip·

280 3982 416 4039 tostam
435 3980 547 4050 retus,
571 3981 639 4040 tam
663 3972 832 4040 emendate
855 3970 1056 4059 descriptus,
1076 3976 1133 4037 aut
1153 3970 1326 4059 diligenter
1344 3994 1468 4042 correc-

280 4088 351 4155 tns,
376 4080 409 4142 in
433 4098 497 4163 quo
520 4098 584 4144 non
605 4079 724 4165 passim
745 4078 778 4143 id
797 4079 913 4143 vitium
934 4085 1097 4164 appareat.
1146 4076 1333 4144 Clorlrionus
1355 4081 1468 4149 Puero·

276 4205 326 4249 rus
352 4182 468 4260 codex,
506 4182 642 4249 Urbinas
670 4186 842 4259 lsoccnrrs‚
876 4182 1106 4250 Laurentianus
1128 4183 1281 4253 numum
1300 4193 1331 4253 et
1356 4186 1476 4255 Surum,

276 4307 363 4361 ons,
390 4287 557 4353 Parisinus
580 4290 605 4355 S
626 4290 854 4367 llerrosrarnrs,
878 4288 975 4355 verbo
998 4290 1140 4375 optimus
1173 4291 1310 4375 quisque
1331 4297 1363 4357 et
1386 4292 1477 4359 ante.

276 4394 460 4480 quissimus
479 4394 561 4459 llloer
584 4393 648 4460 MS.
675 4395 761 4480 turpi
784 4396 999 4462 inconstantia
1028 4393 1147 4461 formas
1175 4404 1298 4461 veteres
1326 4402 1358 4461 et
1381 4397 1469 4460 novi·

273 4502 365 4576 cias,
394 4498 515 4565 Atticos
534 4509 568 4565 et
590 4499 824 4578 Μοοούοιιίοοι,
859 4502 1041 4587 permiscet.
1095 4500 1135 4565 Ut
1158 4520 1252 4565 cesos
1275 4507 1307 4565 et
1338 4498 1468 4569 tertona

274 4604 402 4671 lerelaat
422 4614 454 4670 et
477 4604 659 4671 scribarum
681 4615 966 4691 correctorumque
990 4604 1105 4683 libido,
1130 4605 1225 4671 modo
1242 4594 1382 4691 genuina
1407 4606 1475 4675 lor··

273 4730 330 4777 ma
354 4682 476 4789 erasit,
499 4711 595 4779 modo
615 4711 728 4778 vitiosa
758 4711 927 4798 surrepsit.
974 4709 1067 4779 llolti
1090 4709 1153 4777 iarn
1176 4718 1271 4787 sunt,
1296 4712 1352 4797 qui
1375 4711 1466 4780 intel·
