3767 5717
895 612 963 677 255

328 830 400 882 νος,
437 806 557 873 Graece
584 804 757 873 dicendum
786 805 893 887 ὅσπερ.
940 808 1034 893 566.
1069 807 1314 889 ὑποκρινούμενοι
1339 807 1384 874 τοὶ
1410 811 1509 877 λοιπὰ

331 921 528 993 ,agnocurte
564 912 667 979 scribe
695 911 858 995 πρόοιοποι.
892 910 1020 979 videtur
1047 911 1208 995 πρότροπον
1235 922 1510 1003 prosperaretur

333 1014 397 1082 dici
420 1040 531 1108 posse,
556 1030 588 1083 at
614 1040 679 1083 non
703 1028 824 1085 contra.

378 1120 417 1188 ln
429 1123 626 1213 Lemphane
643 1127 701 1202 34,
713 1126 744 1189 2.
771 1124 825 1186 οὐκ
844 1120 976 1203 εὐπόρως
994 1120 1078 1203 ἔχω,
1104 1121 1289 1214 Lexipbane
1309 1122 1444 1213 dignum
1461 1136 1509 1191 est

330 1227 481 1309 εὐφόρως,
506 1240 575 1293 tum
596 1228 698 1294 scribe
718 1228 823 1306 ῶκρκὶης
845 1220 863 1301 ἦ
882 1237 914 1291 ct
934 1232 952 1315 §
971 1234 1000 1293 5.
1022 1229 1150 1310 ἀπῇμεν
1173 1240 1205 1293 et
1223 1228 1349 1311 ἐξῇμεν.
1376 1230 1444 1313 §b
1462 1230 1507 1295 rob

328 1331 417 1414 κόροι.
441 1334 541 1421 scrib.
570 1334 611 1399 τῶ
630 1333 722 1415 κόροι,
753 1332 850 1396 urse
875 1332 993 1412 ἡμέροο,
1017 1333 1060 1396 τῶ
1082 1332 1205 1413 τέχνοι,
1234 1334 1276 1398 τῶ
1297 1333 1376 1399 tata.
1412 1337 1508 1420 510.

328 1433 440 1502 ἔδωκεν
465 1436 619 1519 οὶρκηρέπη
646 1437 730 1513 δίκην
756 1434 857 1514 sled}
877 1435 1026 1510 ποτηοοις
1051 1433 1164 1516 ᾤχετο.
1191 1434 1402 1504 Athenienses
1420 1439 1509 1505 dice·

331 1538 410 1607 bant
429 1553 627 1618 tornareto,
656 1555 691 1609 ut
710 1541 893 1622 ἔκπλεθρον,
919 1539 1099 1605 ἑκκοιίδεκοο.
1123 1542 1280 1621 οὶροηγέπη
1301 1544 1508 1610 scribendum

327 1657 376 1711 est
405 1648 569 1731 οὲροηγὲπη.
604 1648 644 1715 de
673 1671 739 1739 quo
763 1646 987 1712 adverbiorum
1006 1668 1123 1734 genere
1137 1645 1255 1737 'paucis
1273 1649 1361 1716 iuvat
1381 1650 1505 1716 dicere:

328 1750 377 1824 ‘tle
406 1763 438 1817 et
467 1776 514 1825 τις
547 1751 670 1820 habent
698 1751 885 1817 adverbium
917 1750 979 1815 sibi
1008 1751 1204 1840 respondens
1225 1760 1290 1828 πῶς
1311 1767 1343 1821 et
1364 1780 1445 1840 πιος,
1470 1768 1506 1821 ut

327 1856 447 1934 ῶγοιθός
468 1852 520 1922 εὖτ
543 1854 587 1930 εἷς
608 1859 648 1936 γέ
673 1881 720 1931 τις
743 1856 841 1923 habet
865 1856 1054 1921 adverbium
1079 1857 1280 1937 οὶμοιορέπιος
1304 1858 1392 1950 quod
1413 1883 1507 1952 pror·

322 1982 381 2025 sus
409 1960 496 2027 idem
527 1963 685 2053 significat
714 1976 811 2054 atque
838 1962 873 2040 ἐξ
896 1959 962 2034 ἑνός
982 1962 1021 2040 γε’
1042 1986 1096 2027 που
1118 1961 1232 2042 τρόπον
1252 1965 1305 2030 rel
1326 1966 1371 2030 ἔνι’
1393 1966 1433 2045 γέ
1461 1990 1505 2049 τῳ

327 2068 440 2150 τρόπῳ.
476 2070 574 2148 ‘Agis
596 2068 683 2158 qnod
707 2068 879 2160 respondet
900 2069 942 2149 τῶ
967 2063 1011 2141 εἷς
1034 2067 1141 2157 ipsum
1163 2066 1231 2131 sine
1252 2069 1385 2158 vestigio
1403 2069 1505 2137 inter-

326 2172 424 2253 cidit,
448 2173 521 2253 ὅροός
540 2175 670 2240 emersit
691 2174 778 2265 quod
799 2174 959 2265 significat
977 2174 991 2238 o‘
1010 2173 1123 2249 οὗτός,
1151 2174 1237 2240 unde
1257 2176 1352 2255 ὁμοῦ,
1376 2178 1503 2259 ὁμόθεν,

325 2279 420 2359 ὁμόσε
441 2292 518 2345 nota
536 2292 610 2346 sunt
627 2304 687 2371 pro
707 2284 738 2345 ἐν
761 2284 888 2363 τκῶτῷ,
914 2280 950 2345 ἐκ
973 2282 1107 2352 τοούτοῶ.
1131 2281 1174 2353 εἰς
1197 2280 1325 2346 τοῦτόν.
1357 2283 1404 2349 Ει
1424 2284 1505 2363 duda

322 2397 467 2475 superest
495 2386 610 2465 οἱριδῶεν
643 2386 763 2475 odyss.
784 2394 824 2451 A.
853 2389 903 2451 10.
930 2396 963 2450 et
981 2381 1054 2462 οἶμοι
1073 2407 1158 2462 uno,
1189 2396 1258 2450 tum
1281 2388 1398 2475 passim
1418 2388 1506 2479 apud

323 2489 420 2555 Iones
440 2490 573 2568 οὐῶοιρκός
594 2514 654 2581 pro
672 2491 787 2563 οὐδείς,
814 2491 905 2555 euius
925 2488 1084 2555 adverbiis
1103 2500 1240 2555 utuntur
1261 2490 1374 2556 Graeci
1394 2510 1504 2560 omnes

323 2597 484 2673 οὐδοιριῶς,
505 2596 672 2674 strepeto
695 2607 773 2679 caet.
798 2594 1076 2679 Quemadmodum
1098 2607 1204 2661 autem
1226 2595 1376 2664 dicebant
1394 2599 1505 2679 οὶμοιο-

324 2700 431 2780 γέρροις
463 2700 507 2765 sic
533 2700 567 2764 in
598 2722 656 2765 usu
681 2711 771 2765 erunt
799 2702 1001 2781 οὶμονγέπον,
1036 2701 1206 2784 ἁμηγέπη,
1236 2702 1503 2781 οὶμοθενγέποῶιν.

322 2805 510 2883 οὶμοιρέποι,
545 2828 624 2895 quas
652 2806 770 2871 lormas
798 2828 909 2871 omnes
937 2816 1107 2871 enumerat
1135 2804 1314 2872 Scholiasta
1338 2807 1503 2873 Petronis

322 2910 364 2974 ad
385 2899 631 3001 Sopba'stum'p.
654 2916 718 2977 259
740 2930 772 2977 n.
796 2934 935 3002 quarum
957 2911 1014 3002 qui
1032 2933 1128 2975 nnam
1149 2910 1300 3001 intelligit
1320 2934 1430 2979 omnes
1448 2912 1502 2978 in·

323 3015 458 3105 telligit,
491 3029 523 3083 et
551 3018 646 3084 lacile
676 3018 791 3084 sentiet
816 3040 913 3108 quam
933 3038 1048 3107 parum
1067 3015 1240 3106 diligenter
1257 3017 1298 3083 de
1312 3017 1357 3083 tts
1378 3030 1500 3084 veteres

322 3121 521 3211 grammatici
549 3124 771 3215 exposuerint,
796 3123 975 3213 doctosque
999 3122 1194 3212 deceperint.
1242 3121 1335 3207 Quod
1355 3124 1388 3188 in
1407 3122 1501 3191 blett-

322 3244 402 3293 ttlutt
424 3228 575 3295 scribitur
594 3254 626 3321 p.
651 3234 694 3295 50
716 3230 872 3309 οὶριηηέπη
895 3232 1066 3302 Ἀττικῶς,
1091 3227 1292 3306 ἁμωσγέπως
1308 3231 1498 3304 Ἑλληνικῶς

318 3343 352 3397 et
363 3335 526 3410 Ἀπήποτε
541 3339 705 3409 Ἀττικῶς.
731 3334 892 3401 ὃπῶοποτε
905 3337 1095 3409 Ἑλληνικῶς
1117 3344 1149 3397 et
1164 3332 1317 3423 imposuit
1334 3332 1497 3399 Runttttt-

320 3454 376 3501 nro
404 3437 444 3501 ad
475 3436 635 3505 Trurnun
663 3463 696 3529 p.
717 3442 759 3503 29
789 3450 821 3503 et
843 3438 1006 3503 Pmnsoro
1025 3438 1071 3503 sic
1091 3437 1346 3503 emendandum:
1380 3441 1495 3521 Ἀρη-

320 3540 422 3623 γὲπη
448 3544 618 3616 Ἀττικῶς,
645 3544 818 3625 ὃπηποτε
841 3546 1043 3617 Ἑλληνικῶς.
1074 3554 1107 3606 et
1135 3542 1395 3621 Ἀρκοιογέποις
1419 3545 1496 3607 Ἀτ-

317 3651 421 3717 τικῶς.
455 3646 654 3711 ὃτῶοποτε
681 3650 882 3721 Ἑλληνικῶς.
928 3646 986 3710 Vel
1019 3645 1073 3710 bic
1104 3646 1171 3735 ipse
1203 3637 1294 3711 locus
1327 3645 1495 3713 bleranus

316 3749 458 3815 ostendit
486 3749 543 3817 bas
570 3751 689 3818 formas
719 3751 804 3841 apud
835 3751 991 3842 populum
1023 3752 1055 3816 in
1085 3750 1331 3817 desuetudinem
1362 3752 1492 3818 abiisse:

317 3856 474 3946 itaque'si
494 3856 622 3946 quando
643 3859 674 3923 in
699 3856 872 3923 (lodicibus
897 3857 1028 3923 vetustis
1048 3869 1236 3947 apparerent
1255 3856 1366 3945 ingens
1384 3858 1494 3924 immi·

318 3961 416 4027 nebat
435 3985 452 4026 a
474 3962 586 4026 scribis
604 3952 802 4052 periculum,
817 3964 880 4053 'qui
900 3976 955 4028 aut
966 3963 1111 4029 funditus
1127 3964 1287 4029 tollebant
1304 3975 1360 4029 aut
1374 3962 1492 4039 ῶλλοιι,

315 4065 464 4141 ἄλλοθεν,
488 4065 594 4139 ἄλλοις
618 4068 668 4133 vel
689 4062 770 4146 ὅμως
792 4069 1028 4135 substituebant
1045 4092 1105 4159 pro
1124 4078 1263 4146 AMOT,
1286 4074 1490 4143 ΛΜΟΘΕΝ,
1581 4155 1583 4158 ¹

314 4178 457 4243 Amne,
482 4173 667 4251 ‘Aristolaus
688 4172 752 4239 sive
772 4174 967 4253 οὶμοοεγέποι
985 4173 1073 4261 (nam
1094 4171 1180 4263 quod
1202 4172 1234 4237 in
1251 4172 1384 4240 Seholio
1405 4174 1491 4239 Ptr-

315 4294 408 4341 noms
436 4275 555 4363 legitur
582 4278 750 4355 οἱμοιρέποι
771 4279 825 4343 κοιὶ
851 4278 1005 4357 οὶριοοέποι
1034 4280 1079 4344 ita
1108 4277 1331 4367 corrigendum
1356 4301 1490 4359 censeo,

311 4393 348 4447 nt
378 4382 546 4460 οὶμοιγὲποι
579 4381 726 4447 deleatur
755 4394 787 4449 et
813 4384 970 4449 scribatur
989 4384 1205 4464 οὶρκοοεγέποι,
1233 4406 1330 4473 qnam
1352 4385 1488 4451 sormam

311 4486 539 4553 commendant
560 4501 593 4554 et
613 4488 781 4554 stabiliunt
802 4489 897 4569 ὁροᾶοε
916 4501 949 4555 et
970 4488 1089 4555 ἄλλοτέ
1107 4488 1172 4576 ποι)
1195 4489 1292 4579 plane
1312 4490 1489 4572 intercidit,

310 4616 418 4684 neque
444 4597 526 4663 mihi
546 4597 666 4664 lectum
691 4609 738 4663 est
759 4620 913 4688 nsquam,
933 4618 1039 4687 neque
1060 4596 1093 4659 in
1116 4595 1222 4659 ullum
1242 4594 1350 4661 locum
1370 4596 1488 4677 incidi,

216 4784 220 4790 Ι
310 4701 396 4769 unde
416 4702 552 4795 pulsum·
566 4726 633 4773 csse
655 4702 825 4773 videretur.
858 4702 1060 4785 Ἀριονγέποιι
1079 4698 1194 4769 eodem
1212 4702 1313 4773 modo
1330 4703 1486 4796 perierat,
