3767 5717
945 605 1011 669 256

387 817 494 889 ,quum
523 797 702 864 Baranam
730 817 767 861 ex
802 792 886 861 0rco
915 797 1076 862 revocarit
1104 795 1191 887 apud
1219 796 1347 864 [τουπ
1375 796 1492 863 mv.
1512 800 1570 865 20.

397 904 509 976 ἐκαςος
545 903 608 983 γὰρ
640 902 722 981 ὑμῶν
755 898 864 968 είύιςαι
900 905 1093 984 προσφοιτᾶν
1123 903 1216 982 ὁμὲν
1237 904 1311 984 πρὸς
1336 913 1567 985 μνροσοιλεῖον,

396 1010 410 1073 o‘
447 1011 477 1075 δέ
520 1009 591 1088 πρὸς
629 1014 778 1087 κουρεῖον,
823 1007 837 1070 ὁ
877 1007 907 1072 δὲ
943 1008 1017 1086 πρὸς
1049 1017 1285 1087 σκυτοτομεῖον,
1320 1010 1333 1072 ὂ
1363 1011 1390 1073 δ’
1425 1004 1492 1073 ίποι
1526 1006 1569 1073 ἂν

396 1114 555 1201 τύχριι-
578 1108 720 1182 οίπαντες
746 1108 809 1190 wip
832 1108 942 1175 είύισύε
966 1116 1160 1193 προσφοιτᾶν
1185 1112 1238 1177 καί
1268 1112 1440 1193 διατρίβειν
1465 1110 1567 1176 ἄλλον

396 1220 436 1297 γέ
460 1242 530 1283 που.
556 1238 623 1281 rem
650 1236 710 1280 acu
731 1213 834 1303 tetigit
854 1210 1035 1281 ssannaans
1052 1216 1235 1294 νίμουνέπου
1254 1208 1424 1306 reponens.
1470 1220 1568 1294 Ἀμο-

385 1322 575 1402 ύενρέπούεν
601 1320 699 1385 semel
726 1318 888 1385 incolume
916 1318 956 1383 ad
982 1335 1039 1385 nos
1053 1322 1211 1409 ⁴pervenit
1228 1321 1261 1386 in
1282 1322 1448 1387 Petronis
1464 1320 1566 1409 Legi·

396 1428 455 1493 duo
484 1425 556 1491 vlt.
575 1449 607 1517 p.
629 1429 695 1493 798
714 1444 743 1490 Β.
767 1425 915 1504 μηχανὴν
947 1425 982 1498 δὶς
1007 1425 1056 1489 δεῖ
1075 1425 1127 1488 τὸν
1150 1426 1312 1503 νομοθέτην
1331 1429 1440 1494 ἐννοεῖν
1459 1424 1568 1512 (scrib.

397 1534 542 1619 ἐπινοεῖν)
575 1530 838 1610 ύμούεννέπούεν,
865 1541 897 1595 at
926 1530 1065 1619 perierat
1085 1528 1172 1595 idem
1191 1531 1225 1595 in
1250 1530 1380 1621 Gorgia
1398 1556 1430 1622 p.
1449 1535 1515 1596 492
1536 1548 1571 1596 ιι.

396 1636 455 1707 τας
486 1636 543 1714 μὲν
573 1634 738 1715 ἐπιίυμιάς
765 1635 830 1716 <Diae
858 1638 891 1700 ού
913 1635 1077 1709 κολαςέον,
1102 1638 1201 1702 ἐῶντα
1221 1638 1253 1702 δέ
1273 1638 1375 1710 αύτύος
1406 1639 1444 1708 ὡς
1470 1635 1566 1713 μεγί-

395 1766 454 1813 ςας
488 1739 643 1819 πλήρωσιν
675 1741 789 1810 αὐταῖς
824 1737 956 1803 ύλλούέν
984 1741 1023 1818 γε’
1053 1744 1143 1807 πούεν
1167 1740 1360 1823 ἑτοιμάζειν,
1394 1738 1568 1807 neoterici

392 1846 485 1911 docti
510 1843 755 1923 οὶμούεννέπούεν
775 1842 981 1910 reduxerunt.
1027 1845 1196 1928 Ἃμργίπρ
1215 1857 1249 1911 et
1275 1846 1472 1926 οὶμοισγέποις
1493 1866 1564 1909 sae-

285 1960 289 1969 '
395 1950 524 2043 pissime
541 1947 693 2037 leguntur
712 1947 795 2039 apud
819 1948 953 2028 multos,
972 1948 1034 2014 hoc
1057 1971 1152 2038 caepe
1170 1951 1204 2015 in
1222 1948 1329 2025 ἄλλος
1349 1951 1387 2029 γε’
1412 1974 1475 2022 ποις
1492 1971 1567 2016 cor·

391 2068 527 2148 *ruptum
557 2066 618 2132 est,
651 2053 741 2119 ouius
776 2055 823 2120 rei
856 2054 959 2120 multa
994 2055 1138 2144 exempla
1160 2054 1376 2122 Scnanrmns
1398 2055 1506 2120 attulit
1525 2054 1568 2121 ad

396 2167 616 2231 avennorum
647 2160 810 2226 Rimmon
832 2162 867 2227 T.
887 2161 928 2226 ll.
949 2186 980 2252 p.
998 2165 1077 2228 237.
1104 2174 1136 2227 et
1155 2162 1188 2227 in
1209 2161 1372 2253 lodicep.
1392 2165 1458 2228 652
1480 2181 1510 2228 n.
1533 2175 1568 2230 et

395 2271 435 2338 ad
465 2269 612 2334 laconsn
640 2264 865 2356 Appendioem
890 2267 940 2333 ad
959 2266 1103 2333 Ponsoru
1120 2268 1324 2333 adversario
1344 2292 1377 2357 p.
1396 2270 1483 2348 311,
1511 2268 1569 2334 ubi

394 2378 569 2445 Incobsws
592 2372 739 2438 Δλιιλλο
755 2395 814 2461 pro
834 2368 941 2445 ἄλλως
963 2372 1003 2450 νύ
1023 2396 1086 2444 ποις
1104 2374 1284 2454 οίνύρύπειον
1301 2374 1441 2441 reddidit
1459 2375 1570 2453 οὶμιοσ-

390 2484 513 2564 Υγε’ποις.
561 2477 611 2543 Νο
639 2477 707 2568 ipse
735 2477 919 2556 ιίσύμβολος
945 2477 1057 2543 abeam
1078 2476 1159 2544 duos
1176 2479 1265 2545 locos
1286 2480 1443 2546 tralaticio
1463 2502 1571 2549 errore

394 2588 583 2677 depravatos
613 2582 647 2648 in
677 2582 837 2671 integrum
867 2581 1051 2663 restituam3
1084 2583 1167 2648 alter
1195 2597 1243 2650 est
1272 2585 1424 2652 lllottrsu
1449 2587 1569 2652 Ηλιιο.

393 2695 421 2760 1.
441 2696 493 2757 67.
517 2686 721 2755 κινδυνεύουσί
744 2711 780 2751 τε
805 2684 922 2759 ποίντες
947 2685 1028 2765 ύμοις
1049 2688 1088 2766 νύ
1114 2714 1178 2761 ποις
1199 2691 1235 2755 τὸ
1261 2693 1339 2755 αύπδ
1362 2692 1486 2771 λέγειν,
1512 2692 1570 2757 ubi

392 2794 593 2879 ,ἁμωσγέπως
611 2814 721 2858 verum
738 2802 802 2870 est,
820 2790 902 2855 alter
921 2791 1121 2858 Pietatem
1140 2793 1280 2874 περὶτοῦ
1298 2796 1420 2861 οίκούειν
1441 2821 1472 2887 p.
1486 2802 1570 2866 441².

395 2904 488 2982 λόγος
515 2900 571 2963 ὑπ’
588 2898 693 2979 ἀνδρὸς
716 2895 823 2969 ύίλλιος
847 2896 886 2975 γε’
911 2921 975 2968 πιος
997 2898 1153 2971 δοκοῦντος
1181 2898 1198 2974 ἢ
1223 2900 1415 2978 καλουμένου
1438 2900 1570 2982 Φιλοτί-

392 3016 455 3092 φου
474 3000 708 3085 περαινόμενος,
729 3000 839 3090 ecquis
854 3012 915 3079 est,
933 3000 991 3090 qui
1005 3001 1206 3080 οίμιοσγέπας
1222 3000 1384 3069 dubitabit
1401 3006 1567 3095 recipere?

441 3110 487 3177 Ut
517 3105 556 3171 ad
587 3104 814 3195 Lemphanem
845 3104 974 3170 redeam
1001 3111 1061 3184 34,
1081 3110 1136 3173 20.
1170 3110 1226 3189 πρὸ
1251 3110 1364 3189 χιλίων
1393 3114 1467 3177 ἐτοῖν
1491 3114 1568 3191 ἡμῖν

396 3212 602 3291 διαλέγεται,
626 3219 661 3271 ut
680 3207 818 3297 intelligi
839 3210 938 3297 possit
958 3211 1127 3300 praemitte
1147 3212 1296 3279 voculam
1314 3215 1371 3289 νίς,
1390 3217 1428 3287 ὡς
1444 3217 1500 3296 πρὸ
1514 3240 1571 3297 χι-

395 3321 468 3388 λίοιν
492 3318 577 3379 ἐτῶν.
613 3311 654 3378 el.
673 3315 726 3390 37,
748 3315 800 3377 26.
825 3314 862 3377 σὺ
884 3314 916 3379 δέ
940 3339 992 3392 μοι
1015 3317 1053 3388 νίς
1074 3318 1124 3381 ἐπ’
1145 3316 1381 3398 Ἀγαμέμνονος
1406 3320 1567 3403 οίποκρίνρ.

396 3430 450 3493 21.
474 3422 540 3487 οὐδὲ
566 3420 601 3483 τδ
631 3418 835 3484 σκύλλεσθαι.
871 3418 1082 3487 Rarissimam
1111 3421 1244 3488 verbum
1274 3422 1372 3487 redde
1401 3422 1572 3491 Hnsrcmo

377 3530 456 3617 ‚ruhi
472 3526 633 3593 Κὲκυλταε
653 3526 732 3605 διῖιρα
751 3524 869 3615 legitur
887 3549 945 3615 pro
965 3525 1117 3593 ἐσκυλται
1135 3527 1217 3609 δοροί.
1245 3531 1262 3614 §
1281 3533 1334 3597 23.
1358 3526 1397 3597 ὧν
1413 3531 1570 3609 ποίμπολυ

396 3638 468 3713 λίαν
491 3638 542 3699 νῦν
567 3629 779 3712 οίπολέλειψο,
806 3654 869 3698 non
889 3646 1023 3722 possunt
1043 3633 1194 3724 coniungi
1213 3636 1371 3715 ποίμπολυ
1394 3637 1482 3709 λίαν,
1506 3636 1570 3701 ita·

398 3764 461 3835 que
482 3738 553 3803 λίαν
575 3734 687 3801 abiiee.
713 3738 731 3819 §
751 3738 804 3801 24.
823 3734 861 3801 ἂν
883 3739 927 3815 μὴ
951 3738 1139 3821 παραβύσῃς
1169 3739 1248 3804 αιἰτί
1276 3764 1344 3805 που
1372 3739 1430 3805 κίον
1451 3742 1494 3823 τῷ
1515 3756 1569 3806 λε-

398 3845 519 3928 γομένῳ
545 3842 630 3919 μηδ’
651 3840 827 3917 οίνανκαῖον
847 3838 864 3922 ᾖ
886 3843 1007 3931 corrige
1028 3867 1079 3908 ποι
1101 3853 1134 3909 et
1152 3843 1258 3922 μηδέν.
1285 3851 1302 3932 §
1322 3849 1374 3911 25.
1398 3846 1464 3912 οὐδὲ
1482 3870 1571 3921 ποιη-

397 3952 457 4023 πδος
480 3949 665 4021 ἐπαινοῦμεν
690 3945 760 4017 τοὺς
784 3946 871 4010 κατα
893 3953 1043 4025 γλῶτταν
1063 3947 1248 4029 γροίφοντας
1267 3951 1442 4028 ποιήματα.
1467 3950 1572 4041 Spre-

399 4055 444 4121 rit
464 4052 643 4116 canamus
665 4047 822 4136 egregiam
842 4048 1003 4117 Memmi
1023 4052 1296 4133 emendationem,
1314 4054 1371 4143 qui
1386 4068 1571 4147 comparato

401 4180 494 4227 rersu
514 4152 691 4219 Caeritis:
711 4153 765 4218 καί
787 4155 997 4234 κατοίγλιοσσ’
1017 4158 1112 4224 ἐποίει
1135 4158 1179 4223 τοὶ
1198 4160 1364 4237 ποιήματα
1386 4162 1440 4226 καί
1455 4163 1499 4227 τα
1519 4170 1572 4227 Φι-

399 4268 485 4343 λητοῖ
503 4271 519 4341 ΙΙ
534 4259 684 4341 οίτρεκέοις
707 4260 788 4343 ᾔδει,
818 4266 954 4327 correxit
974 4261 1196 4342 κατάγλωττα
1218 4263 1422 4347 γροίφοντας,
1444 4265 1486 4330 ad
1507 4267 1575 4334 ttu-

402 4386 557 4440 monlon.
574 4368 669 4455 ptr.
688 4386 762 4429 cum
781 4364 1011 4444 κατοίνλωττος
1032 4368 1284 4458 comparaverim
1303 4368 1440 4443 κοίύαλος
1461 4383 1494 4438 et
1513 4372 1573 4438 κοί·

400 4478 487 4555 ςοξος
518 4470 604 4562 apud
631 4471 835 4539 Posnnrnn
865 4470 991 4539 tanna.
1022 4471 1109 4543 XIV.
1137 4499 1169 4566 p.
1192 4479 1257 4543 662
1280 4497 1311 4543 a.
1337 4489 1370 4543 et
1397 4476 1574 4545 Dmnrnon

404 4580 483 4651 ibid.
504 4578 560 4645 IV.
580 4602 612 4670 p.
635 4579 698 4643 132
718 4594 749 4643 λ.

351 4726 356 4731 -
450 4686 489 4753 ln
501 4684 663 4753 Eunucho
676 4688 734 4764 35,
746 4688 776 4755 3.
795 4684 849 4769 to·
863 4683 922 4771 ύτιρ
936 4695 1073 4757 συνεῖναι
1087 4696 1151 4762 τοῖο
1164 4688 1255 4763 νέοις,
1270 4688 1408 4757 emenda
1421 4694 1474 4775 ἐφ’
1490 4683 1511 4772 ᾧ
1526 4714 1577 4758 τε.
