3767 5717
963 617 1002 677 10

405 785 496 863 οὔσης
522 787 540 864 ἢ
563 787 625 866 pn:
646 784 679 851 id
703 793 771 861 est:
795 787 951 855 Ilneuuuro
976 788 1171 874 interprete:
1198 786 1273 855 daec
1296 808 1367 855 aare
1390 798 1503 854 arctura
1520 811 1597 856 ιιιιινι

401 892 524 958 omnino
544 892 665 958 earirtt't
685 913 740 959 nec
759 896 827 961 ne?
875 893 937 974 Qui
961 893 1008 959 sie
1029 891 1270 981 philosophatur
1298 894 1382 961 satin
1407 914 1505 959 santis
1526 914 1595 961 esse

399 1005 456 1064 aut
481 997 607 1064 sobrino
630 996 802 1066 videatur?
850 998 975 1067 Revoca
996 998 1076 1065 duas
1095 997 1255 1066 litterulas
1278 997 1438 1085 fugientes
1462 1001 1515 1065 κον)
1536 1000 1590 1067 τό·

399 1150 484 1209 τερον
507 1108 706 1195 ῥῖΟΤοΗο
728 1124 746 1201 ἢ
770 1125 834 1203 μη,
863 1121 965 1188 idest
989 1124 1054 1189 θεοῦ
1078 1122 1190 1201 οὔσης,
1213 1123 1260 1189 sic
1279 1124 1409 1192 demum
1433 1125 1592 1213 intelliges

400 1250 461 1297 eur
484 1232 732 1318 respondeatur:
752 1233 858 1296 τοῦτον
876 1228 978 1295 οὐκέτι
999 1230 1172 1307 &cannatae
1187 1239 1472 1313 nonannoynanaia.
1507 1231 1591 1311 Quid

399 1343 487 1403 vetat
507 1336 618 1404 eadem
642 1354 740 1424 opera
763 1334 1075 1421 argumentationem
1094 1333 1254 1401 Genusum
1278 1330 1434 1413 incentis,
1456 1335 1588 1403 sednon

398 1442 600 1529 ineptIeutis,
624 1444 656 1508 in
678 1443 843 1526 integrum
865 1438 1039 1505 restituere
1052 1488 1059 1516 ‚
1072 1458 1170 1525 quam
1184 1441 1393 1528 incogitantia
1408 1441 1589 1507 scribarum

397 1546 492 1634 plane
526 1548 682 1634 pervertit
716 1544 802 1633 apud
834 1544 991 1610 Sroercnu
1015 1545 1049 1609 in
1079 1545 1250 1633 Floritcpio
1278 1546 1387 1613 LXIII.
1414 1550 1466 1611 tl.
1492 1545 1590 1613 ainda-

395 1672 449 1725 τος
473 1652 572 1727 τινός·
604 1656 657 1719 οὐκ
687 1652 887 1734 ἰσασθήσεται
923 1650 937 1715 ὃ
968 1648 1251 1735 contenanum
1278 1657 1354 1731 γοῦν
1385 1651 1585 1731 Μενέδημος,

395 1757 596 1842 Ἐπίκουρος,
641 1755 811 1834 Ἀλεξῖνος.
842 1754 985 1839 ratden,
1023 1752 1085 1839 ἔφη
1118 1755 1144 1845 (a‘
1177 1756 1395 1847 Χρύσιππος),
1429 1759 1588 1839 χρήσομαι

396 1861 564 1941 ἀποδείξει.
577 1862 603 1929 ai
622 1863 686 1947 γοδς
704 1861 862 1941 Ἀλεξῖνος
882 1862 896 1928 d
918 1859 1086 1940 ἀνάγωγος
1109 1861 1161 1927 nal
1174 1862 1349 1946 Ἐπίκουρος
1368 1863 1381 1927 a*
1405 1861 1588 1938 ainalotnrcn

395 1967 450 2033 nai
479 1969 682 2050 Μενέδημος,
717 1972 750 2034 οὐ
778 1968 874 2053 Φησὶν
907 1968 1109 2050 εὀοιοθησετοιι
1141 1967 1215 2051 cipe.
1263 1969 1396 2034 Pernam
1430 1966 1536 2033 verbis
1556 1974 1590 2032 et

397 2072 506 2139 locum
531 2081 680 2141 sanatum
709 2090 888 2161 apponam:
911 2081 951 2156 τῇ
986 2076 1088 2157 οὔτῇ,
1109 2070 1195 2157 ἔφη,
1226 2076 1386 2156 χρησομοιι
1409 2070 1586 2151 ἀποδείξει,

395 2181 422 2246 εἲ
455 2181 519 2262 nep
555 2178 712 2257 Ἀλεξῖνος
739 2182 753 2246 d
793 2178 961 2259 ainalynyon
986 2178 1038 2244 κοιδ
1070 2178 1248 2262 Ἐπίκουρος
1279 2180 1294 2245 ὁ
1328 2177 1511 2255 οὶνοιισθητος
1533 2178 1585 2243 nati

394 2286 576 2367 Μενέδημος
600 2287 613 2352 ὃ
638 2294 684 2362 λη
691 2310 747 2369 ρος
767 2286 802 2353 οὔ
827 2292 948 2369 Φοισιν,
969 2287 1171 2367 enuclearent
1191 2282 1264 2368 cipe.
1312 2284 1382 2367 Quo
1407 2284 1510 2349 iuret
1534 2292 1587 2360 λῆ-

392 2416 440 2475 ρος
483 2391 699 2479 suppleverim
736 2390 809 2457 ride
833 2391 918 2477 apud
948 2391 1034 2458 ltroe.
1066 2392 1178 2457 Lnenr.
1204 2388 1242 2457 ll.
1280 2388 1303 2479 S
1341 2394 1415 2456 tte.
1464 2388 1586 2455 Addam

394 2517 498 2564 unum
518 2496 625 2562 locum
660 2514 698 2562 ex
731 2497 907 2583 Appendica
941 2494 1142 2572 Florentino,
1169 2512 1266 2584 quam
1291 2492 1367 2560 olim
1391 2514 1429 2560 ex
1455 2495 1586 2560 Ionnunn

392 2603 574 2670 Dnnusenno
608 2608 792 2689 excerptam
831 2602 1019 2669 Gnrsronnns
1065 2597 1236 2689 Florilepio
1275 2598 1402 2667 Sannum
1436 2600 1586 2678 subiecit,

392 2726 497 2796 nuper
517 2708 629 2775 mulus
650 2706 833 2775 nominibus
852 2706 1057 2775 emendatam
1078 2716 1110 2775 et
1133 2708 1321 2795 diligentins
1342 2726 1379 2773 ex
1403 2706 1586 2793 apographo

391 2813 618 2881 Rotndeniano
647 2814 842 2901 descriptam
873 2815 1005 2899 repetiit
1028 2816 1061 2880 in
1090 2815 1230 2880 editione
1263 2814 1454 2901 detonarent
1483 2810 1582 2899 rnna.

389 2931 421 2987 et
444 2920 550 2988 L'tln'c.
578 2920 707 2998 enotata,
734 2923 831 2986 tono«
880 2918 1015 3004 Legitur
1035 2920 1108 2984 Istic
1132 2939 1162 3005 p.
1185 2924 1247 2983 105
1279 2919 1301 2985 C
1326 2920 1368 3010 (p.
1396 2922 1460 2985 798
1485 2936 1584 2985 novae

391 3025 505 3113 edit.)t
529 3028 569 3108 ἰῷ
591 3027 627 3091 cd
649 3028 713 3090 araia
725 3024 897 3107 ἐπιτρέψας
921 3024 1005 3090 οὐδὲν
1025 3023 1120 3097 αὐτὸς
1137 3024 1285 3108 φροντίζω
1301 3032 1361 3092 τῶν
1378 3022 1583 3109 σοφισμάτων

389 3133 485 3210 ὑμῶν.
533 3130 595 3198 Pro
629 3132 681 3213 tp,
710 3129 795 3216 quod
822 3130 920 3197 nauci
947 3150 1011 3196 non
1035 3138 1102 3210 est,
1125 3129 1218 3196 rideo
1237 3130 1380 3197 Hleurnu
1408 3131 1450 3213 τῷ
1478 3130 1582 3213 tanain

388 3234 562 3321 corrigere.
610 3236 711 3302 llulto
735 3235 861 3303 lucilius
873 3234 933 3301 hac
955 3237 1119 3321 negotium
1139 3242 1208 3303 est:
1233 3238 1266 3302 in
1289 3238 1323 3320 ἰῷ
1345 3240 1451 3324 prima
1474 3237 1583 3302 littera

389 3347 529 3413 nonest
555 3343 753 3428 orantique
780 3340 862 3407 libro
887 3349 997 3409 sumta
1027 3339 1083 3407 sed
1114 3353 1252 3421 temere,
1286 3351 1324 3409 nt
1348 3364 1422 3409 mox
1451 3342 1581 3409 denton-

301 3516 306 3523 ,
387 3446 518 3526 strabo,
542 3447 582 3513 alt
605 3448 714 3540 inepto
745 3447 959 3513 homuncione
991 3445 1131 3533 adpicta.
1180 3448 1302 3517 Littera
1326 3449 1461 3516 initialis
1485 3449 1581 3537 periit

385 3559 418 3617 et
453 3560 599 3639 superest
620 3555 653 3635 ᾧ.
701 3552 826 3639 Ecquid
854 3572 926 3621 esse
949 3561 1053 3639 potest
1085 3556 1207 3621 certius
1230 3575 1326 3641 qnam
1351 3558 1389 3639 νῷ
1414 3557 1445 3620 in
1478 3552 1579 3621 veteri

385 3656 693 3726 codIcessexaratum
727 3658 825 3728 luisse
858 3667 890 3726 et
927 3658 1116 3745 legendnm:
1142 3662 1224 3744 Θεῷ
1259 3662 1294 3727 τὸ
1319 3664 1383 3727 σοῖν
1408 3660 1578 3742 tarentinae

385 3763 479 3833 aare?

854 3948 1029 4017 CAPUT
1063 3948 1113 4015 11.

426 4170 592 4259 Appendiac
615 4174 815 4253 Florentino,
850 4177 944 4241 culus
969 4173 1166 4239 mentionem
1198 4171 1389 4247 iniecimus,
1413 4168 1490 4254 quie
1518 4165 1571 4233 olt-

382 4279 620 4348 certationibus
643 4281 768 4347 criticis
796 4281 837 4347 de
858 4298 977 4367 genere
1002 4275 1265 4363 palaeographieo
1287 4275 1483 4341 uberrimam
1508 4292 1573 4339 ma·

383 4386 500 4455 teriam
531 4385 683 4472 praebere
706 4393 831 4474 potest,
865 4384 962 4449 huius
991 4382 1108 4467 capitis
1126 4389 1355 4467 argumentum
1375 4386 1452 4447 esto.
1502 4380 1573 4457 Son

384 4499 482 4559 ratur
499 4492 679 4558 Florentiae
701 4492 733 4556 in
760 4487 957 4555 Bibliotheca
981 4486 1187 4553 Laurentiano
1208 4485 1328 4565 codex,
1352 4505 1415 4572 quo
1435 4485 1575 4553 lentulus

385 4598 556 4666 Daunsanur
580 4596 743 4663 Parallela
761 4595 858 4661 Sacra
881 4593 1098 4661 eontinentur.
1146 4595 1176 4663 Is
1197 4594 1290 4661 honre
1311 4593 1424 4661 honam
1450 4602 1574 4682 partem
