3767 5717
290 792 385 864 trote
410 803 457 858 est
484 791 656 882 colligere,
675 789 729 861 sed
749 789 784 858 in
804 788 853 856 his
873 789 1060 860 adverbium
1079 793 1255 884 praeeedit
1275 792 1463 883 epexegesis

292 922 384 988 saepe
402 920 466 967 non
488 897 706 978 invenustam,
730 919 907 986 numquam
926 898 1023 988 plane
1041 899 1208 978 inutilem,
1237 899 1292 966 sed
1313 899 1396 966 nihil
1417 910 1464 966 est

290 1006 388 1095 magis
410 1005 576 1070 inficetum
598 1004 740 1098 quamsi
761 1005 959 1094 praemiseris
980 1007 1014 1070 ἒυ
1039 1011 1094 1070 τοῦ
1113 1007 1268 1088 Ἄργους,
1292 1007 1326 1070 ἐνΔ
1340 1015 1380 1088 τῇ
1398 1013 1462 1072 Τε-

290 1111 368 1194 γέυρ,
390 1110 534 1185 Ἀθήνησι
555 1108 671 1176 deinde
686 1109 842 1177 subiicere
860 1111 988 1176 aeaeae
1008 1111 1058 1176 rel
1075 1113 1183 1176 υύτυῦ.
1210 1109 1463 1200 Nonnumquam

275 1213 414 1292 ‚factum
442 1224 490 1278 est
518 1226 553 1279 ut
574 1215 665 1280 scioli
684 1214 716 1279 iu
738 1215 978 1304 interpretando
997 1227 1157 1296 errarent,
1180 1215 1295 1285 deinde
1314 1239 1350 1282 ea
1369 1237 1463 1306 prae·

291 1331 417 1411 postera
434 1319 656 1411 interpretatio
674 1343 747 1388 eum
764 1322 904 1411 genuina
919 1323 1074 1413 scriptura
1089 1322 1330 1390 coalesceret'in
1348 1341 1464 1399 unum,

293 1424 381 1516 quod
406 1424 488 1492 mihi
505 1425 581 1492 olim
601 1426 634 1492 in
654 1426 817 1493 Prrrons
839 1429 1007 1518 Apologia
1029 1429 1229 1494 observatum
1252 1441 1298 1494 est
1318 1453 1348 1518 p.
1369 1431 1411 1492 20
1433 1443 1464 1494 c.

293 1529 349 1595 ubi
370 1530 535 1620 scripserat
554 1529 778 1622 philosophus:
812 1527 833 1596 ὦ
859 1534 1041 1612 Σώκρατες,
1072 1533 1161 1599 πόθει
1183 1535 1215 1598 ei
1238 1531 1389 1611 διαβολαί
1418 1554 1463 1598 oet

291 1631 388 1702 υιῦτυιι
412 1636 598 1715 reprobarem
631 1641 663 1702 οὐ
687 1638 751 1718 γὰρ
774 1638 870 1713 δήπου
893 1643 947 1703 eod
973 1664 1012 1717 ys
1038 1639 1120 1704 οὐδὲν
1144 1645 1203 1704 τῶν
1228 1639 1334 1704 ἄλλων
1359 1662 1464 1720 περιτ-

292 1739 414 1821 τότερον
445 1741 749 1822 πραγματευομένου
781 1740 894 1806 ἔπειτα
925 1743 1064 1818 sacedon
1099 1744 1192 1825 Φήμη
1220 1767 1257 1807 τε
1286 1742 1338 1808 uel
1370 1741 1465 1820 styra

293 1845 433 1923 γέγονεν.
466 1843 591 1912 Sciolus
608 1846 715 1912 nescio
735 1847 807 1936 quis
827 1845 994 1936 adscripsit
1012 1847 1038 1914 ei
1054 1848 1097 1924 ud
1117 1871 1147 1912 τι
1167 1845 1320 1925 inparem
1340 1847 1467 1912 ersom

293 1949 311 2027 ἢ
333 1952 359 2016 υἱ
384 1950 506 2018 πολλοὶ.
532 1949 606 2016 Non
626 1952 723 2018 sensit
741 1951 940 2031 Petrum,
964 1952 991 2018 si
1009 1952 1070 2018 hoc
1089 1952 1195 2020 dicere
1213 1951 1382 2030 voluisset,
1406 1975 1468 2030 μυ-

293 2056 344 2123 etv
363 2079 428 2123 non
449 2058 532 2123 οὐδέν
553 2057 649 2124 luisse
669 2058 861 2146 scripturum
880 2070 914 2123 et
933 2057 1052 2148 ἐγένετ’
1072 2057 1110 2124 eir
1131 2081 1189 2148 pro
1210 2057 1355 2138 γέγυυευ,
1381 2077 1468 2122 nunc
1498 2048 1512 2070 ⁰

296 2173 432 2252 utraque
460 2162 615 2251 scriptura
636 2174 813 2229 monstrose
837 2161 957 2229 coaluit
979 2173 1011 2226 et
1032 2161 1215 2228 defensores
1237 2160 1344 2232 babet.
1386 2159 1469 2226 Goa-

295 2267 358 2334 loit
383 2268 591 2335 monstrosius
621 2269 717 2335 etiam
747 2269 908 2335 emblema
933 2291 1009 2334 cum
1030 2268 1159 2360 entique
1182 2269 1320 2334 lectione
1342 2267 1377 2332 in
1397 2265 1469 2332 loeo

296 2373 474 2451 Patronus.
503 2396 600 2463 quem
623 2397 661 2440 cr
681 2373 861 2441 Aruerno
885 2374 1055 2464 descripsit
1079 2373 1202 2442 Sumus
1224 2397 1250 2441 r.
1271 2370 1471 2450 evaneatleie

293 2499 370 2545 υειυι
404 2478 625 2555 ἆυυιιυιβέυθυι
660 2480 686 2545 δ’
712 2482 766 2544 οὐκ
796 2479 1003 2555 intexuimus
1032 2477 1326 2560 ἕπιδεξιελευθὲρυις.
1377 2473 1471 2567 Apud

295 2583 474 2656 Petrossa!
493 2592 542 2646 est
563 2582 595 2646 in
620 2581 796 2650 Theaeteto
814 2607 847 2672 p.
870 2586 930 2650 175
952 2602 981 2650 u.
1005 2581 1249 2661 ἀναβάλλεσθαι
1269 2617 1307 2630 -
1330 2580 1472 2658 ἕπιδεξιυὶ

296 2688 469 2768 ἐλευθέρως.
503 2687 724 2756 [ltnsctuctus
739 2688 861 2777 primus
878 2687 957 2754 vidit
971 2687 1133 2768 ἐλευθέρως
1150 2688 1473 2778 interpretamentum

295 2815 373 2862 esse.
428 2790 568 2859 Omnino
597 2793 756 2882 permulto
786 2805 862 2860 sunt
893 2794 927 2860 in
964 2793 1129 2858 Patrone*
1149 2791 1470 2873 πυρερυβεβλυρυέυυ,

297 2921 456 2991 nusquam
482 2898 575 2987 plura
604 2921 700 2988 quam
729 2899 762 2965 in
784 2899 966 2989 Apologim
998 2921 1080 2988 quae
1107 2909 1142 2963 ut
1163 2919 1249 2966 nuno
1270 2897 1314 2964 sic
1339 2897 1414 2964 olim
1438 2895 1472 2964 in

296 3005 382 3074 ludis
410 3005 578 3094 legebatur
603 3005 870 3084 adolescentulis,
901 3005 961 3095 qui
985 3006 1019 3072 in
1046 3005 1160 3072 litteris
1183 3003 1364 3072 tirocinium
1384 3004 1472 3072 soce·

295 3122 367 3181 rent
396 3122 429 3178 et
456 3110 815 3178 tectionem‘Pssrosrs
834 3109 876 3177 ab
898 3109 962 3177 boo
981 3111 1068 3193 ¹libro
1087 3111 1335 3201 auspicarentur.
1381 3108 1473 3178 Indi·

296 3216 377 3286 oebo
405 3217 515 3308 paucis
544 3216 715 3306 insigniore
740 3228 773 3284 et
791 3216 836 3284 sic
856 3216 941 3284 hooc
961 3229 1085 3308 partem
1104 3216 1305 3284 concludam.
1336 3241 1358 3307 p
1380 3219 1421 3286 19
1443 3213 1473 3282 c.

296 3320 335 3392 ὧν
357 3324 418 3401 ἐγὼ
442 3321 551 3409 [οὐδὲν]
577 3324 647 3390 οὔτε
673 3323 763 3402 elye
788 3323 859 3390 edre
882 3324 1010 3404 σμικρὸν
1032 3323 1100 3404 πέρι
1123 3323 1234 3392 ἐπαΐω.
1260 3326 1401 3412 p.201t.
1422 3317 1473 3388 οὗ·

295 3453 348 3502 τις
380 3426 453 3505 ἐμός
486 3451 522 3493 τε
551 3427 672 3508 iratres
706 3422 741 3500 ἦν
769 3426 822 3492 uui
856 3431 938 3505 ὑμῶν
962 3429 1004 3508 τῷ
1030 3430 1141 3503 πλήθει
1174 3427 1309 3514 [ἑταῖρός
1334 3428 1384 3516 τε]
1416 3425 1469 3492 eui

296 3532 456 3613 ξυυέφυγε
479 3531 536 3603 rire
558 3531 669 3610 Φυγὶρυ
689 3529 821 3605 ταύτην.
855 3555 887 3619 p.
908 3533 947 3596 21
970 3548 1005 3598 tt.
1034 3533 1095 3608 ἐγὼ
1120 3532 1151 3596 δὲ
1174 3529 1275 3612 ὥσπερ
1306 3528 1385 3620 [οὖν]
1415 3535 1470 3600 οὐκ

295 3633 366 3709 cide
387 3636 449 3702 οὐδ’
470 3632 586 3711 oleum.
611 3656 645 3722 p.
663 3637 708 3700 23
730 3651 761 3699 u.
785 3631 892 3713 ἔχουσι
916 3635 975 3713 μὲν
998 3636 1082 3700 οὐδὲν
1109 3636 1206 3702 ster-sn
1235 3635 1324 3722 [ἀλλ’
1338 3637 1470 3713 deurod-

297 3742 374 3830 orv].
399 3766 430 3832 p.
449 3744 493 3806 23
512 3753 540 3807 tt.
559 3739 621 3807 nisi
641 3761 803 3829 expungas
824 3739 877 3804 uel
901 3746 961 3806 τῶν
984 3746 1149 3806 πολιτικῶν
1175 3740 1286 3809 Ptsto
1309 3740 1470 3810 ridebitur

297 3847 422 3919 nescire
444 3843 523 3936 quid
542 3843 643 3925 dioot;
666 3844 707 3912 ad
727 3866 866 3934 eaquae
887 3855 1066 3933 sequuntur
1087 3846 1160 3927 ὑπὲρ
1184 3847 1243 3912 τῶν
1265 3846 1391 3927 ῥητόρων
1413 3845 1472 3912 ad·

296 3954 452 4044 scriptum
471 3963 519 4020 est
537 3956 598 4018 τῶν
617 3957 801 4026 πολιτικῶν,
828 3949 947 4018 deinde
965 3973 1004 4018 ea
1022 3951 1117 4018 rerba
1137 3951 1242 4020 alieno
1261 3951 1334 4020 loeo
1355 3950 1471 4041 adglu-

299 4061 400 4130 tinata
420 4070 503 4128 sunt.
526 4083 558 4149 p.
579 4061 622 4124 24
644 4075 675 4123 c.
698 4056 888 4139 πειράσομαι
916 4057 1009 4148 [uel]
1027 4059 1099 4136 ὑμῖν
1125 4045 1288 4135 ἐπιδεῖξαι.
1319 4083 1351 4148 p.
1374 4063 1415 4126 24
1437 4077 1471 4128 u.

296 4167 353 4246 ἐμὲ
380 4164 520 4243 εἰσάγεις
544 4161 677 4230 υυυτυιυὶ
708 4161 777 4247 [rel
800 4163 1001 4250 κατηγορεῖς]
1024 4163 1157 4231 emenda
1176 4163 1316 4242 atraere
1334 4166 1377 4238 ric
1398 4190 1471 4232 rou-

297 4271 385 4338 rouer'
404 4282 434 4336 et
455 4272 772 4360 interpretamentum
793 4289 946 4358 expungo.
969 4293 1000 4358 p.
1023 4272 1066 4336 24
1082 4277 1120 4336 s.
1134 4265 1270 4348 adescat
1290 4271 1476 4355 Σώκρατες,

297 4377 338 4466 [oi
362 4375 507 4462 δικυςυιί]
528 4386 559 4439 et
579 4372 681 4444 scribe
699 4373 802 4442 υὺτυιΐ.
833 4381 866 4462 p:
886 4377 929 4442 25
952 4393 982 4439 Α.
1006 4375 1032 4440 ei
1056 4375 1087 4439 ἐν
1110 4383 1149 4456 τῇ
1175 4374 1328 4456 ἐκκλησίᾳ
1356 4375 1394 4462 [oi
1420 4376 1470 4439 ἕκ-

293 4480 483 4567 ιιλρυιυςιιι]
505 4478 713 4561 διαφθείρουσι
738 4478 809 4550 τοὺς
835 4478 1006 4558 erecturos.
1051 4478 1091 4544 Et
1111 4488 1185 4544 sunt
1206 4487 1311 4544 tamen
1332 4477 1471 4566 quihoc

301 4584 612 4674 Pttwtttrt’ipsum
639 4580 798 4652 addidisse
828 4580 909 4650 serio
932 4580 1075 4652 credant.
1109 4604 1139 4670 p.
1159 4583 1201 4650 26
1221 4599 1252 4650 ι.
1283 4583 1309 4652 εἰ
1333 4583 1364 4650 δὲ
1389 4581 1473 4652 ἄκων

297 4679 483 4774 lietbertus,
515 4694 575 4757 τῶν
597 4685 739 4756 τυιυύτυυ
762 4685 842 4772 [set
859 4685 1025 4772 ἄκυυσίυι]
1058 4683 1299 4766 &aeserunium
1328 4687 1361 4756 οὐ
1386 4689 1470 4773 δεῦρο

1235 4801 1265 4841 er
1277 4791 1292 4824 ⁴
