3767 5717
859 585 921 652 341

307 790 442 870 νούσύα,
465 785 526 852 ead
547 783 671 855 πολλοῖς
694 779 913 861 μαςινούσύω,
943 792 982 847 ut
1003 794 1089 849 reete
1109 782 1262 873 seriptum
1283 793 1330 848 ert
1348 806 1381 873 p.
1400 788 1476 851 854.

305 913 339 960 o.
365 890 556 972 μαςιγοιύεῖς
584 887 701 959 ύπίσας
724 886 762 951 ἂν
783 885 854 971 δίξρ
876 895 941 960 τοῖς
971 888 1132 962 δικαςαῖς,
1162 898 1194 952 et
1214 911 1245 977 p.
1266 890 1342 954 879.
1362 907 1393 956 u.
1421 889 1477 954 ε’ύον

301 996 364 1079 ἄρα
388 996 500 1069 οῖδίκας
527 996 599 1076 δοκῇ
625 993 639 1056 ί
665 990 749 1070 ξένος
774 992 828 1056 τὸν
854 993 1016 1076 ἐπιχώριον
1045 993 1192 1067 τύπτειν,
1218 1001 1258 1076 τῇ
1283 991 1399 1072 priami
1424 993 1477 1057 τδν

301 1101 385 1179 ξένον
403 1098 498 1174 -ύσας
521 1099 560 1164 ύον
586 1097 680 1170 αύτὸς
710 1095 841 1177 πατύξρ
870 1098 1031 1170 τοσαύταις
1058 1098 1159 1171 δύντες
1185 1105 1242 1173 τνῖς
1273 1097 1476 1179 θρασυξενίας

304 1204 476 1271 πανύνταν.
524 1202 593 1267 Ιειιιι
618 1211 746 1279 autem,
775 1212 812 1264 nt
839 1199 880 1265 ad
906 1201 1084 1270 Hrnouorr
1107 1204 1215 1270 locum
1237 1203 1384 1281 redeam,
1407 1201 1480 1293 quis

305 1321 369 1389 eat,
398 1310 454 1399 qui
475 1308 508 1372 in
529 1306 676 1398 quolibet
701 1304 816 1371 horum
837 1328 897 1397 pro
917 1309 1097 1374 accusativo
1118 1319 1210 1400 putet
1231 1307 1375 1375 dativum
1397 1309 1479 1374 hene

307 1414 427 1482 Graeoe
453 1413 532 1504 poni
561 1411 680 1504 possa?
715 1422 772 1477 aut
801 1411 836 1476 in
865 1411 1030 1480 Praronts
1062 1414 1189 1505 Gorgia
1215 1439 1247 1505 p.
1268 1417 1395 1480 5221).
1420 1435 1480 1504 pro

304 1518 450 1597 πατάξαι
481 1518 537 1591 τὴν
573 1517 687 1594 ἄτιμον
721 1513 840 1590 ταύτην
876 1519 1005 1596 πληγήν
1035 1519 1119 1583 salva
1147 1517 1328 1585 Graecitate
1358 1518 1481 1584 datiros

306 1647 399 1714 posse
422 1621 546 1688 scribi?
596 1620 697 1705 Quam
721 1631 848 1686 eertum
870 1633 919 1687 eat
945 1621 1065 1688 Graece
1088 1621 1152 1689 diei

509 1801 511 1806 ,
575 1727 660 1793 νύσον
684 1731 833 1805 νοσοῦμεν
856 1727 913 1802 τίαν
936 1728 1080 1794 ἐναντίαν
1104 1727 1216 1812 Σοίκρι,

306 1847 338 1900 et
362 1833 447 1924 apud
473 1833 678 1900 drscnrrurr
852 1833 861 1844 ”

574 2018 578 2024 ¹
620 1936 659 2002 ἔα
681 1962 724 2015 με
745 1937 836 2012 τιὶνδε
860 1938 917 2013 τὴν
939 1937 1023 2004 νύσον
1047 1945 1158 2016 νοσεῖν,

307 2055 373 2110 tam
401 2057 524 2111 eertum
552 2054 601 2108 est
628 2040 693 2107 diei
720 2053 868 2131 oportere
895 2042 1022 2120 τύπτοι,
1056 2042 1139 2108 παίω
1165 2044 1308 2120 πληγήν,
1343 2035 1482 2130 καιρίαν,

307 2150 394 2228 aim,
418 2173 485 2216 non
506 2159 634 2231 πλκνρῖε
658 2159 691 2212 et
708 2144 981 2236 quemadmodum
1001 2145 1086 2237 apud
1105 2145 1309 2214 Arscnrtutt
1323 2148 1391 2214 sine
1404 2149 1483 2215 vitio

307 2254 425 2345 legitur
446 2257 480 2321 in
501 2254 746 2343 Agamemnone
769 2274 814 2318 rs.
840 2255 938 2320 1343.
989 2317 993 2326 ,

552 2357 631 2436 οίμοι
656 2357 851 2436 πέπληγμαι
874 2355 999 2437 καιρίαν
1022 2358 1150 2435 πλκγὶρν
1174 2356 1244 2422 ἔστι.

309 2466 355 2530 aie
381 2463 584 2528 flondonius
611 2462 679 2550 ipsa
708 2460 785 2526 olim
806 2460 930 2549 scripsit
950 2458 987 2532 ὥς
1009 2461 1035 2524 οῖ
1059 2459 1177 2540 καιρίιιν
1201 2459 1286 2538 ἔδοξε
1304 2445 1497 2546 τετύφθαι,

308 2591 374 2634 non
392 2567 509 2647 καιρίρε
531 2578 643 2655 estque
665 2563 717 2630 hio
737 2585 810 2630 naua
828 2576 894 2628 tam
914 2564 1026 2629 firmus
1039 2575 1072 2629 et
1091 2562 1230 2643 stabilis,
1250 2577 1284 2630 ut
1303 2588 1342 2632 ne
1359 2566 1483 2635 Artu-

309 2693 370 2742 rus
391 2671 540 2762 quidem,
570 2671 749 2736 Atticorum
777 2669 919 2734 imitator
935 2667 1161 2750 ἀπειρόκαλος,
1184 2670 1325 2759 potnerit
1345 2674 1483 2741 seribere

308 2783 349 2850 de
368 2780 449 2845 Nat.
464 2778 577 2845 Λαίνα.
593 2776 632 2841 X.
649 2780 701 2842 21.
724 2779 1036 2840 Ἀπολλανοπολῖται
1055 2781 1247 2855 Τεντνριτιῖν
1269 2785 1374 2857 μοῖραι
1406 2780 1481 2870 (leg,

307 2883 415 2973 μοῖρα)
446 2881 653 2960 σαγηνεύουσι
683 2880 742 2959 μὲν
767 2879 839 2951 τοὺς
868 2879 1074 2960 κροκοδείλους
1091 2915 1137 2930 ·-
1150 2881 1325 2958 ματιρούσί
1343 2907 1380 2950 τε
1404 2901 1482 2952 πολ-

305 2999 381 3062 λαῖς
413 2985 466 3052 καί
497 2995 572 3057 ταῖς
599 2984 634 3062 ἐξ
656 2983 819 3065 οὶνύρύπαν
841 2982 981 3060 ξαίνοντι
1006 2982 1204 3065 κννζοροίνονς
1231 2983 1308 3074 (leg.
1327 2991 1482 3071 κννζωμέ.

307 3096 388 3179 νιος)
416 3088 469 3156 καὶ
504 3089 712 3170 δακρύοντας,
747 3086 802 3153 aad
827 3087 1008 3154 Purronrrr
1033 3099 1066 3152 et
1089 3086 1337 3158 Drrrosrnrrru
1355 3107 1483 3160 secutur

308 3200 440 3268 dederat
464 3193 640 3274 ααςινούσί
661 3218 698 3258 τε
726 3194 880 3267 πολλοῖς
903 3194 957 3259 καί
988 3193 1057 3266 τοῖς
1080 3193 1116 3271 ἐξ
1140 3196 1300 3276 οῖνύρύπων
1325 3199 1480 3277 ξαίνοντι,

308 3330 373 3373 non
403 3306 572 3368 immemor
603 3298 780 3366 daecanus
811 3300 845 3364 in
873 3300 1074 3365 Tainarodeo
1097 3305 1115 3387 §
1135 3303 1177 3366 59
1201 3302 1254 3366 τὸν
1279 3303 1485 3370 Πιττάλακον

309 3409 481 3491 ε’ροαςίγονν
504 3405 564 3475 τοὶς
588 3405 623 3480 ἐξ
647 3406 810 3485 οὶνίρύπινν
834 3402 977 3482 πλκγοίς.

358 3512 515 3597 Quoniam
545 3519 666 3575 veteres
694 3506 738 3572 ita
770 3507 920 3572 dicebant
952 3504 1082 3584 πλαγὰν
1111 3505 1244 3583 λαβεῖν,
1267 3521 1303 3574 ιιι
1322 3522 1403 3576 esset
1424 3535 1485 3602 pro

310 3619 521 3694 τνπτκίῆναι,
541 3626 573 3678 et
591 3613 636 3678 aio
654 3612 770 3678 similia
786 3612 894 3678 omnia
911 3612 1109 3702 passivorum
1129 3609 1202 3675 loco
1220 3624 1326 3693 erant,
1342 3611 1486 3706 sequitur

311 3724 407 3790 nteit
427 3721 599 3788 dicendum
620 3720 753 3799 πληγὰς
773 3719 889 3798 λαβεῖν
905 3717 965 3782 ὑπό
978 3739 1077 3788 τινος,
1101 3727 1133 3780 et
1154 3714 1301 3783 vitiorum
1322 3720 1361 3785 sit
1380 3721 1486 3790 dicero

310 3827 398 3910 παροί
426 3852 506 3900 τινος
539 3824 672 3904 πληγαῖς
697 3824 833 3901 λαβεῖν,
870 3844 953 3912 quae
982 3831 1136 3912 perpetua
1162 3822 1243 3886 ratio
1263 3835 1309 3888 est
1329 3825 1361 3890 in
1383 3827 1487 3894 verbis

312 3934 537 4013 intransitiris,
570 3953 653 4022 quae
681 3930 879 4020 passivorum
906 3929 1010 3996 vicem
1040 3929 1206 4007 obtinent,
1231 3942 1265 3996 ut
1283 3932 1487 4008 ἀποθνήσκειν

310 4039 371 4106 ὑπό
404 4064 502 4126 τινος,
520 4038 701 4104 ’ἐκπίπτειν
738 4037 798 4101 ὑπὸ
832 4041 887 4100 τοῦ
916 4036 1033 4114 δύμον,
1068 4040 1170 4107 κακῶς
1193 4035 1316 4102 οίκούειν
1342 4037 1400 4101 ὑπὸ
1425 4043 1485 4103 τοῖν

310 4150 464 4219 πολιτῶν,
496 4143 637 4210 κατιέναι
666 4141 725 4206 ύπὸ
751 4145 811 4205 τῶν
837 4138 985 4221 ἑταίραν,
1011 4139 1201 4218 ἐξαναςιῖναι
1228 4141 1285 4206 ύπὸ
1306 4145 1365 4206 τῶν
1392 4157 1486 4208 πολε·

310 4249 411 4330 μίαν,
447 4249 520 4314 aiia.
568 4244 691 4314 Eodem
719 4243 817 4310 modo
838 4254 924 4310 reete
941 4243 1061 4310 dieitur
1079 4244 1185 4310 αἰτίαν
1210 4243 1296 4326 ἔχειν
1318 4257 1351 4312 et
1367 4247 1486 4325 λαβεῖν

310 4354 370 4420 ύπί
401 4378 500 4434 τινος,
534 4351 709 4434 τραύματα
736 4351 854 4429 λαβεῖν
879 4360 911 4416 et
935 4347 1022 4431 ἔχειν
1043 4348 1103 4416 dard
1120 4372 1221 4423 τινος,
1247 4347 1379 4413 ἔλαττον
1399 4349 1486 4430 ἔχειν

310 4459 370 4526 ύπύ
390 4483 488 4541 τινος,
511 4462 658 4530 ὑπώπια,
690 4456 817 4534 πλκνύρν
841 4456 958 4534 λαβεῖν
983 4454 1043 4520 ύπί
1064 4477 1161 4526 τινος,
1184 4462 1216 4517 et
1238 4452 1369 4518 omnino
1389 4455 1486 4519 κακὸν

310 4565 424 4642 λαβεῖν
449 4565 509 4632 ύπύ
533 4584 630 4635 τινοςι
655 4558 708 4628 sed
731 4557 818 4640 παροί
837 4581 917 4632 τινος
934 4559 1050 4638 λαβεῖν
1071 4553 1190 4634 dynato
1206 4581 1257 4632 τι,
1282 4557 1432 4638 προίττειν
1451 4581 1484 4622 σι

311 4668 397 4748 παροί
428 4695 509 4744 τινος
534 4666 665 4750 aynan.
716 4665 822 4738 Poetis
848 4685 908 4753 pro
938 4663 997 4730 ὑπύ
1027 4662 1076 4728 ius
1102 4673 1148 4728 est
1173 4662 1221 4730 vel
1240 4664 1274 4730 ἐκ
1294 4685 1413 4752 ponere
1435 4662 1485 4732 vel
