3767 5717
974 579 1040 647 316

432 784 492 860 20,
510 783 542 846 9.
564 777 631 843 ἐπεὶ
654 777 708 842 τὸν
727 777 838 856 μισθθν
858 777 905 854 μή
924 773 1072 841 ἐπεδίδου
1093 786 1127 840 et
1146 777 1165 861 §
1186 778 1239 842 21.
1261 775 1329 842 ἐπεὶ
1343 778 1400 855 ’μή
1424 777 1464 843 σὺ
1486 777 1605 853 ἐθέλεις

429 889 528 952 εἰπεῖν
557 894 590 948 et
612 885 674 961 26,
692 886 723 947 4.
753 879 869 964 γροίφω
900 879 969 960 περὶ
1003 875 1042 944 ὧν
1070 881 1154 958 μήτε
1182 876 1262 946 εἶδον
1286 881 1369 959 μήτε
1393 883 1469 963 παρ’
1492 881 1603 948 ἄλλων

430 989 586 1068 ἐπυθόμην
617 999 650 1052 et
669 990 723 1065 37,
746 989 775 1052 1.
798 985 932 1064 ἔμελλεν
954 981 1017 1063 οίρα
1044 984 1123 1062 μηδὲ
1146 983 1160 1048 ὁ
1185 987 1254 1050 καθ’
1276 989 1361 1064 ήμῖις
1386 985 1455 1063 βίος
1475 985 1603 1069 ι’ίμοιρος

431 1094 555 1160 ἔσεσθαι
573 1094 687 1172 οίνδρῶν
712 1090 809 1170 λόγου
826 1089 920 1168 οίξίων
945 1098 978 1152 et
999 1091 1059 1166 46,
1081 1089 1133 1153 21.
1152 1090 1293 1169 μέμνησο
1309 1089 1408 1158 τοίνυν
1426 1094 1605 1171 προσθεῖναι

431 1197 479 1265 ι’ίτι
500 1200 544 1277 μη
563 1196 692 1262 δυνατόν
715 1196 764 1266 ἐςί
783 1219 835 1274 μοι
858 1193 946 1260 κατὰ
970 1193 1076 1274 χώραν
1100 1190 1217 1271 μένειν,
1247 1207 1280 1260 et
1298 1217 1391 1286 saepe
1411 1195 1481 1262 eliis
1507 1195 1604 1262 locis:

433 1326 516 1394 quae
536 1301 716 1392 turpissima
735 1299 811 1366 vitia
830 1309 914 1364 sunt.
946 1295 984 1361 lu
1009 1299 1063 1375 10,
1081 1301 1117 1374 4,
1136 1300 1166 1363 2.
1190 1297 1324 1365 ἐοίκασιν
1343 1310 1375 1366 ct
1393 1301 1486 1378 alibi,
1506 1300 1607 1368 Attici

431 1409 551 1486 ε’ίξασι,
575 1407 621 1472 sic
638 1403 725 1480 οἶδας
746 1428 806 1496 pro
823 1400 912 1468 οἶσθα
932 1401 1043 1468 scribit
1065 1405 1101 1479 9,
1124 1405 1184 1481 15,
1207 1407 1234 1468 1.
1272 1401 1312 1468 In
1334 1407 1392 1482 10,
1413 1412 1449 1483 5,
1472 1410 1502 1472 2.
1523 1407 1605 1472 οίπο-

432 1512 604 1593 δυσοίμενος
632 1534 691 1602 prc
716 1509 846 1581 οίποδιίς.
870 1507 1036 1572 Δθσασθαι
1059 1518 1092 1570 et
1113 1506 1288 1597 composita
1310 1509 1450 1598 antiquis
1470 1509 1606 1576 barbare

434 1630 525 1696 suut,
549 1617 711 1707 nequiores
730 1625 836 1681 errant
856 1633 976 1678 ornnes.
1008 1614 1064 1689 10,
1083 1615 1121 1691 6,
1140 1618 1170 1679 3.
1190 1612 1395 1696 ἐπιχαίνετε,
1417 1614 1518 1680 Attici
1535 1613 1604 1696 χοί-

432 1747 496 1788 σκω
516 1721 629 1787 dicunt
647 1743 712 1784 nou
732 1717 845 1799 χαίνω.
883 1718 940 1794 10,
962 1718 993 1794 7,
1015 1720 1043 1779 1.
1065 1717 1281 1794 τεθνήξεσθαι,
1303 1727 1340 1782 ut
1358 1718 1521 1796 ἐςήξεσθαι
1541 1741 1607 1786 no-

431 1824 513 1890 sicia
541 1836 633 1889 suut:
664 1823 797 1912 antiqua
822 1820 977 1897 τεθνήξειν
1004 1829 1036 1883 et
1065 1819 1195 1898 ἓςήξειν.
1240 1823 1299 1901 10,
1325 1825 1383 1902 12,
1405 1827 1434 1889 4.
1465 1826 1604 1902 οίγαποῖν

432 1919 570 2011 οίρρηειν,Ι
596 1928 646 1994 illi
674 1926 780 2008 ι’ίρχων
810 1936 842 1989 et
872 1926 932 2001 10,
964 1926 1024 2002 13,
1043 1926 1073 1988 2.
1102 1927 1135 1990 οὐ
1165 1924 1228 2005 γὰρ
1254 1924 1382 2008 ἐφθασα
1406 1928 1603 2008 ἐπισκῆψαι,

433 2045 556 2099 retercs
574 2054 684 2097 omues
704 2029 898 2109 ἐπισκήψας.
946 2026 1133 2118 Numquam
1152 2027 1251 2095 Attici
1270 2041 1394 2109 errent,
1412 2031 1467 2096 sed
1486 2034 1607 2125 saepis-

431 2138 515 2204 sime
537 2138 712 2204 Atticistae.
745 2133 784 2200 Iu
804 2136 864 2211 23,
883 2136 914 2198 2.
937 2135 991 2197 οὐκ
1013 2131 1092 2215 ἔφθη
1114 2140 1241 2208 ποιήσαι
1266 2134 1410 2202 Lucurr
1429 2159 1518 2205 error
1536 2149 1603 2215 est,

435 2242 493 2332 qui
512 2265 587 2308 cum
608 2240 757 2309 omuibus
776 2236 979 2328 sequioribus
993 2235 1037 2302 ita
1053 2236 1255 2327 loquebatur.
1283 2242 1527 2312 sacremus
1540 2267 1606 2314 uon

434 2361 482 2416 est
505 2348 540 2414 in
563 2349 746 2439 Equitibus
769 2348 847 2412 934.

743 2451 882 2538 σπεύδων
906 2446 987 2524 ὅπως
1009 2455 1070 2516 τῶν
1093 2451 1235 2516 τευθίδων

745 2554 946 2634 ἐμπλήμενος
970 2553 1087 2638 φθαίης
1111 2554 1156 2622 ἐπ’
1180 2557 1227 2630 είς

746 2658 917 2733 ἐκκλησίαν
939 2659 1051 2725 ἐλθεῖν.

435 2789 512 2833 num
532 2766 599 2858 ipsc
618 2768 711 2833 ε’λθιίν
732 2764 872 2856 scripsit,
896 2765 957 2830 uisi
977 2766 1076 2832 maris
1096 2763 1224 2832 credere
1244 2777 1429 2833 constanter
1446 2791 1555 2840 omues
1573 2785 1606 2841 et

434 2873 541 2964 ipsum
563 2871 737 2940 ,comicum
762 2873 796 2938 in
815 2894 853 2940 ea
872 2893 906 2936 rc
924 2871 1017 2936 ἐλθιίν
1038 2871 1143 2938 dicere
1162 2870 1310 2949 solitum,
1331 2893 1419 2938 nuuc
1437 2877 1537 2942 semel
1553 2879 1605 2944 ἐλ-

433 2981 496 3045 θεῖν
517 2979 676 3066 ιιιυΙυίειο.
722 2978 830 3044 Etiam
848 2976 883 3041 in
901 2975 1050 3042 Nubibus
1076 2980 1161 3046 1384
1181 2976 1311 3042 restitue
1331 2980 1386 3042 οὐκ
1406 2978 1502 3062 ἔφθης
1519 2982 1605 3064 ppt.

436 3109 497 3158 σας
520 3108 580 3176 pro
603 3083 738 3178 φροίσαι.
791 3087 850 3164 10,
870 3084 934 3160 20,
955 3084 985 3148 2.
1016 3082 1103 3148 κατα
1126 3081 1229 3164 κόρρης
1254 3094 1290 3148 ut
1310 3105 1403 3174 saepe
1422 3086 1491 3154 eliis
1509 3087 1606 3154 locis:

434 3190 539 3268 Attici
557 3189 607 3254 ἐπί
622 3187 738 3270 κίρρης.
774 3191 831 3267 10,
849 3191 910 3266 29,
928 3188 960 3252 2.
982 3187 1184 3264 οίντεποιήθη,
1209 3186 1348 3254 debebat
1366 3191 1606 3268 ἀντεποιήσατο.

438 3300 500 3374 12,
520 3300 550 3359 5.
572 3291 671 3375 ίικραν
691 3291 935 3371 ἐπιλαβόμενοι,
955 3301 1075 3357 veteres
1093 3289 1203 3374 ἄκρας;
1233 3296 1289 3372 14,
1312 3298 1361 3361 16.
1384 3295 1551 3376 ἐκκαθᾶραι
1570 3311 1608 3364 et

436 3400 516 3467 alibi
530 3401 688 3483 σημοῖναι,
713 3400 838 3479 φίιλαι,
865 3407 986 3462 veteres
1003 3396 1153 3478 ἐκοίθηροι,
1177 3398 1337 3477 ἐσήμηνα,
1357 3397 1473 3478 ἔψηλα.
1499 3402 1557 3480 15,
1576 3407 1607 3472 8.

436 3505 575 3576 διδόντας
603 3499 698 3580 λόγον
722 3501 775 3566 καί
799 3502 985 3584 δεχομένους
1012 3503 1108 3582 ἐντῷ
1132 3502 1235 3584 μέρει,
1261 3503 1370 3585 ‘Attici
1394 3504 1447 3570 καὶ
1470 3506 1606 3584 λαμβοί-

438 3633 557 3682 νοντας.
583 3609 601 3693 1
623 3610 655 3673 9.
677 3607 882 3688 δωροδοκήσας
904 3629 1073 3697 perperam
1090 3629 1149 3697 pro
1169 3606 1317 3681 δεκοίσας.
1344 3612 1362 3695 1
1384 3612 1435 3676 17.
1454 3610 1507 3675 οίεί
1519 3633 1607 3686 τινας

439 3712 616 3796 ἀποφυγὰς
639 3710 876 3794 εὑρισκομένοις,
897 3713 997 3778 Attici
1017 3711 1249 3792 ἐξευρίσκουσιν.
1276 3714 1294 3798 1
1317 3715 1366 3779 19.
1387 3711 1527 3780 ε’λοίτποιν
1551 3715 1610 3795 74-

440 3843 518 3886 νοιτο
527 3867 538 3897 ,
557 3815 657 3885 Attici
675 3814 808 3880 ἔλαττον
821 3812 901 3898 ἔχοι.
927 3821 1007 3904 123.
1026 3817 1071 3882 δύ’
1086 3816 1219 3896 ὀβολῶν,
1236 3815 1285 3882 illi
1301 3840 1427 3908 semper
1444 3822 1524 3886 δυοῖν
1539 3821 1610 3908 θβο·

401 3988 405 3995 ,
439 3933 506 3994 λοίν
523 3935 555 3988 et
574 3920 620 3986 δί’
631 3919 743 3999 ὀβολοί.
770 3921 852 4004 124.
873 3924 906 3986 οὐ
921 3922 1015 4000 ratpot
1032 3911 1181 3996 ἐνδεήσει,
1202 3920 1301 3988 Attici
1316 3925 1348 3987 οὐ
1364 3921 1488 4002 τούμθν.
1511 3928 1567 4005 16,
1579 3929 1610 3993 8.

440 4030 493 4094 τὸν
516 4026 632 4108 ’χρυσὸν
654 4022 722 4090 ὅλον
747 4047 806 4114 pro
826 4024 945 4092 ποίνπκ.
971 4023 1053 4112 19.
1078 4017 1099 4090 ὦ
1119 4033 1241 4103 γελοῖε,
1272 4027 1356 4094 male
1376 4050 1435 4117 pro
1463 4025 1485 4094 ὦ
1509 4054 1611 4096 κατα-

442 4133 583 4212 γέλαεε,
613 4129 701 4196 idern
727 4131 841 4197 sitium
859 4132 993 4197 recurrit
1013 4136 1071 4211 37,
1090 4135 1143 4197 25.
1175 4133 1268 4217 114.
1298 4135 1354 4210 σήν
1380 4133 1431 4199 ε’πί
1456 4134 1509 4200 τὸν
1535 4133 1610 4218 ᾅδην

441 4236 597 4320 φέρουσαν
622 4235 686 4302 ὁδόν
706 4259 764 4327 pro
786 4238 828 4308 είς
851 4235 936 4320 ρίδου.
974 4240 1014 4302 17
1022 4286 1031 4316 ,
1051 4240 1103 4303 11.
1133 4235 1354 4314 καταδικάσας
1376 4243 1509 4304 σεαυτοῦ
1534 4255 1611 4306 πολ-

440 4343 498 4417 λήν
521 4342 577 4416 τήν
599 4339 794 4420 ἐπίγνωσιν,
827 4339 925 4405 Attici
952 4343 1132 4421 καταγνούς
1161 4341 1275 4407 omisso
1296 4343 1364 4419 τήν.
1404 4344 1530 4422 16,11.
1551 4349 1611 4436 τῶν

440 4445 720 4529 μισθοφορούντων,
757 4444 855 4510 Attici
882 4446 991 4523 μισθθν
1017 4446 1183 4528 φερόντων.
1229 4445 1340 4532 20,·4.
1374 4447 1424 4513 ἐπί
1457 4451 1492 4516 τέ
1520 4447 1611 4531 ι’ίκρον

441 4550 566 4619 ἔσεσθαι
593 4572 653 4640 pro
681 4548 732 4615 ἐπὶ
753 4555 807 4617 τοῦ
830 4548 935 4632 οίκρου.
979 4554 997 4638 1
1020 4555 1072 4619 10.
1090 4553 1331 4634 καταβιώσωσι,
1364 4554 1461 4637 Attici
1478 4557 1610 4636 βιῶναι,

442 4654 603 4748 scqttiores
621 4657 750 4736 βιῶσαιε
772 4655 821 4722 illi
839 4657 945 4747 βιούς,
970 4657 1005 4724 1ιί
1021 4659 1153 4737 βιώσας.
1185 4661 1273 4746 168.
1297 4660 1398 4733 ἐοικὼς
1417 4659 1488 4744 ἐση,
1515 4659 1613 4738 Athe-
