3767 5717
997 635 1038 696 86

426 803 629 882 nesciebant,
660 815 716 872 aut
733 806 897 893 prosodiae
925 827 988 874 non
1020 808 1099 873 satis
1116 820 1272 872 metueres
1287 803 1335 872 vel
1365 806 1467 890 gnari.
1505 803 1611 875 Unum

426 918 555 976 tantum
577 920 625 978 est
649 913 683 977 in
707 912 766 979 hoc
795 931 911 998 genere
942 913 1075 990 vitium,
1108 910 1192 999 quod
1226 909 1356 976 Lucrino
1385 910 1526 997 proderit
1559 915 1611 980 in-

425 1013 561 1082 dicasse.
581 1021 703 1096 5210
722 1020 800 1096 ἤπια
822 1018 983 1102 φοίρροακα
1001 1017 1174 1092 ποίπτοντες
1198 1015 1376 1099 ἐθεράπευον
1399 1018 1470 1092 τοὺς
1494 1025 1611 1086 νοσοῦν·

426 1145 506 1199 τας,
529 1126 570 1188 οὐ
594 1123 759 1197 λέοντας
781 1125 834 1190 καί
847 1127 1001 1203 μυγαλοῖς
1018 1121 1260 1206 περιάπτοντες,
1286 1143 1347 1188 nou
1371 1121 1418 1186 itti
1440 1122 1541 1190 leones
1560 1145 1612 1190 ae*

425 1227 631 1311 grotantibus
651 1227 824 1313 alligabant
844 1227 900 1294 sed
923 1228 1061 1294 leonicos
1088 1227 1206 1312 pelles,
1230 1227 1365 1314 opinor:
1390 1237 1452 1292 non
1480 1229 1610 1305 λέοντας

425 1329 529 1415 igitur
543 1331 600 1398 sed
615 1337 756 1407 λεοντᾶς.
803 1331 923 1399 Eadem
945 1352 1041 1419 opera
1059 1333 1185 1418 corrige
1204 1335 1263 1409 tt,
1289 1335 1340 1397 10.
1360 1335 1416 1408 clv
1434 1333 1611 1418 Ὀροφοίλον

424 1436 488 1501 τὸν
518 1437 663 1504 λέοντα
691 1444 745 1505 τοῦ
768 1438 953 1520 Ἡρακλέους
976 1437 1269 1520 περιβεβλημένην,
1294 1435 1390 1504 credo
1409 1439 1465 1514 τὴν
1485 1449 1611 1516 λεοντῆν

420 1541 533 1607 sanius
553 1563 632 1610 esse.
1004 1559 1006 1566 ’

422 1667 426 1674 ·
474 1646 635 1715 beurunes
666 1655 704 1713 ut
733 1649 881 1730 οίρόροατα
910 1658 942 1715 et
964 1659 1090 1731 χρῖσμα
1119 1669 1137 1715 ο
1164 1649 1331 1716 Ιιοοοιοτιο
1360 1648 1478 1714 sumsit
1501 1649 1610 1714 incau-

422 1758 498 1828 tus,
522 1753 570 1818 sic
591 1774 685 1840 saepe
704 1754 801 1820 verba
823 1762 855 1820 et
876 1753 995 1822 fortnas
1017 1756 1147 1821 vitiosas
1170 1763 1202 1820 et
1222 1753 1377 1839 pessimas
1397 1753 1532 1818 retinuit
1552 1761 1608 1820 aut

426 1858 605 1935 revocavit,
629 1859 705 1924 olim
725 1858 904 1926 doctiorum
926 1880 1084 1926 consensu
1106 1860 1274 1925 damnatas
1293 1867 1325 1924 et
1347 1859 1520 1924 maximam
1538 1879 1610 1944 par-

421 1967 490 2026 tem
514 1983 532 2028 a
556 1963 720 2029 Druuonrro
743 1964 893 2031 abiectas.
940 1967 1100 2031 Beuueaus
1124 1965 1285 2032 revocavit
1309 1969 1372 2042 42,
1395 1975 1419 2056 g
1440 1967 1492 2029 27.
1517 1989 1608 2030 τοια-

422 2065 631 2149 ποδροίοαντος
661 2089 719 2155 pro
742 2070 1007 2152 ουναποδροίντος,
1032 2077 1222 2152 γηροκομεῖν
1246 2089 1304 2156 pro
1327 2076 1518 2151 γηροκομεῖν.
1543 2075 1605 2145 41,

424 2173 478 2235 22.
514 2175 717 2256 Συρακούσιος
750 2195 809 2260 pro
836 2177 1033 2257 Συρακόσιος.
1063 2179 1123 2250 20,
1148 2181 1201 2241 54.
1226 2181 1437 2252 καταπτῶροαι
1468 2195 1525 2260 pru
1551 2199 1606 2242 κα-

421 2275 608 2358 7τοίπτοοροαι.
643 2285 707 2359 46,
737 2287 790 2347 15.
824 2281 1077 2354 διολισθαίνοντες
1107 2301 1165 2366 pro
1196 2278 1447 2352 διολιοίοίνοντες.
1480 2283 1542 2355 49,
1576 2285 1604 2344 1.

423 2381 683 2462 loconessam,
707 2405 771 2472 quo
795 2407 857 2452 non
883 2386 963 2451 vidi,
982 2385 1129 2452 stolidius
1155 2384 1385 2452 Graeculorum
1412 2383 1523 2448 vitium
1546 2402 1603 2468 pro

421 2486 626 2566 θριπηδέςους.
652 2496 716 2569 54,
745 2498 796 2558 15.
834 2491 964 2574 νειφέτω
998 2510 1055 2576 pro
1084 2489 1209 2572 νιφέτω.
1236 2494 1299 2567 46,
1324 2493 1379 2554 26.
1412 2507 1604 2573 quamquam

421 2609 517 2656 nemo
538 2595 639 2673 vivit,
662 2598 719 2683 qai
747 2596 855 2683 plures
885 2615 982 2683 quam
1012 2595 1173 2662 Burncaus
1196 2594 1337 2680 antiquos
1359 2593 1484 2659 codices
1502 2611 1607 2658 uersa·

422 2697 470 2760 vit
491 2706 523 2763 et
540 2701 668 2786 saepius
691 2702 777 2768 hunc
803 2717 947 2769 errorem
972 2699 1220 2772 animaduertit,
1245 2701 1300 2784 qni
1325 2700 1357 2764 in
1382 2699 1606 2784 antiquissimo

423 2821 550 2888 qnoque
572 2804 859 2876 libro-sexcenties
884 2808 1033 2874 recurrit.
1082 2805 1288 2870 Pescennius
1312 2803 1529 2889 fragmentum
1558 2811 1607 2870 est

414 2907 507 2992 'apud
523 2908 801 2980 :lluarocuanouru
822 2934 851 2978 ν.
877 2913 1037 2994 καρκίνος,
1061 2909 1145 2994 quod
1164 2911 1325 2976 bostonus
1348 2911 1394 2976 ita
1417 2909 1605 2976 constituit:

603 3016 719 3084 ὁπλίτου
741 3017 923 3101 οχολοίζιρς,
948 3021 1050 3096 νεῖψον
1074 3012 1123 3080 ἵνα
1146 3016 1189 3080 τοί
1212 3017 1289 3093 λιίία

600 3125 840 3207 ουνκαριοινιοίρῖ.

418 3222 546 3290 codices
566 3227 599 3291 in
619 3236 716 3310 νῆψον
739 3226 965 3299 consentiunt,
992 3224 1141 3292 Vetusius
1163 3223 1249 3290 aliud
1277 3245 1375 3310 agens
1399 3224 1484 3305 νίψον
1505 3223 1604 3290 corri-

332 3356 335 3361 >
421 3328 533 3414 gebat,
557 3338 675 3418 putans
697 3333 807 3420 irrigo
827 3333 876 3398 sic
903 3331 967 3398 dici
993 3351 1095 3418 posse.
1142 3331 1225 3416 Lege
1257 3339 1363 3412 νῖψονε
1396 3328 1502 3394 nescio
1530 3329 1603 3414 quis

417 3436 502 3520 petit
526 3437 567 3502 ab
588 3438 683 3513 loru,
714 3449 748 3503 ut
778 3436 880 3502 civem
904 3436 978 3500 velit
1005 3435 1171 3502 immittere
1194 3437 1279 3502 sctis,
1328 3434 1427 3521 Saepe
1457 3433 1536 3498 villa
1566 3431 1603 3497 ti-

419 3538 552 3607 brorum
570 3549 715 3609 veterum
739 3541 958 3609 emendaturis
974 3541 1112 3628 proderit
1132 3543 1317 3608 uteminisse
1334 3539 1417 3605 hauc
1434 3559 1504 3604 esse
1524 3538 1603 3604 scri·

418 3643 535 3712 barum
554 3647 842 3724 cousuetudinem,
868 3657 904 3714 ut
927 3649 961 3714 in
974 3649 1142 3716 Petraeam
1168 3647 1259 3733 Spllc
1283 3667 1353 3732 cap.
1373 3645 1424 3710 Vl.
1448 3646 1463 3709 ὁ
1483 3642 1602 3724 Βόκχος

418 3754 462 3834 τῷ
474 3754 589 3839 Σύλλα
600 3753 801 3836 χαριζόμενος
813 3755 992 3828 οίυὲίνκεν
1014 3756 1044 3818 εί
1052 3753 1162 3827 κόνας
1175 3755 1206 3820 ἐν
1217 3754 1260 3834 τῷ
1269 3749 1454 3833 Καπιτωλίῳ
1464 3772 1604 3830 τροπαιοὁ

414 3858 549 3940 φόρους,
574 3869 667 3926 setus
689 3860 841 3927 mendum
864 3861 897 3924 in
917 3867 1318 3926 ANethteNetttoNAc
1331 3857 1428 3922 latet.
1464 3855 1597 3919 Pteron·

416 3983 492 4028 oeus
512 3965 642 4050 scripsit
660 3967 787 4040 tiridates
815 3966 939 4041 Νίκας,
963 3962 1046 4050 quod
1068 3963 1143 4028 olim
1167 3963 1214 4028 sic
1242 3961 1422 4028 scribebant
1445 3969 1602 4026 ANeeH·

418 4078 623 4138 uertentes.
669 4070 715 4136 Ne
745 4070 818 4154 quis
841 4067 989 4134 dubitare
1022 4067 1142 4154 possit,
1175 4066 1256 4134 dabo
1282 4066 1500 4133 fideiussorem
1524 4066 1600 4130 Peu-

416 4193 555 4240 tnneemt
586 4177 693 4261 ipsum
723 4176 756 4240 in
783 4172 884 4238 Mario
912 4193 983 4258 cap.
1008 4179 1061 4240 52.
1107 4173 1226 4254 Βόκχος
1254 4173 1267 4238 o‘
1293 4173 1405 4252 Νομίος
1436 4171 1544 4248 ἔςοοεν
1567 4173 1599 4236 ε’ν

410 4281 603 4362 Καπιτωλίῳ
623 4283 725 4354 Νίκας
746 4277 995 4363 τροπαιοφόρους.
1033 4279 1067 4344 Ιι]
1088 4277 1230 4344 εἰκονίου]
1252 4278 1317 4342 vita
1338 4277 1478 4364 Lycurgi
1501 4297 1528 4342 c.
1544 4279 1599 4340 16.

416 4383 493 4450 binc
516 4393 591 4450 nata
614 4397 660 4452 est
684 4385 843 4469 scriptura
876 4382 961 4457 εἵλην
985 4404 1043 4470 pro
1064 4383 1150 4461 ίλιρν,
1174 4381 1348 4468 eademque
1367 4383 1457 4468 origo
1481 4389 1529 4448 est
1552 4381 1599 4444 vi-

416 4490 537 4554 tiorum
559 4491 592 4555 itt
615 4488 798 4556 nominibus
818 4488 1130 4574 propriisc‘liet'cctv,
1152 4491 1165 4555 ὁ
1191 4490 1330 4564 Δείδιος,
1353 4489 1367 4552 o‘
1387 4495 1512 4571 Λείρις,
1536 4485 1600 4551 alia

415 4595 585 4684 permulta.
632 4596 668 4661 la
694 4593 857 4662 codicibus
889 4594 998 4662 minus
1029 4597 1169 4682 antiquis
1198 4593 1397 4679 frequentior
1429 4595 1526 4658 etiarn
1548 4599 1598 4657 est

413 4708 594 4774 contrarius
626 4727 735 4785 error,
766 4714 800 4772 ut
823 4691 853 4774 ἷι
873 4691 945 4774 ἰοί
965 4707 1077 4782 abeat,
1106 4707 1136 4772 in
1163 4725 1224 4791 qua
1257 4725 1291 4771 re
1322 4702 1402 4768 nihil
1428 4709 1599 4768 morantur
