3767 5717
1011 630 1051 693 nn

441 802 569 869 lrrerant
600 806 633 869 in
658 824 739 871 usu:
766 806 858 881 ἁλῶ,
882 809 972 873 καλῶ
985 840 999 881 ,1
1017 810 1123 881 τελῶ,
1146 808 1265 883 γαμῶ,
1290 806 1370 880 ὀλῶ,
1405 813 1502 889 norb,
1528 815 1606 891 σσρῶ
1619 856 1628 889 ,

441 911 575 991 ἅμφιῶ,
598 914 790 991 μαχοῦμαι,
815 917 846 975 el
869 912 954 985 ἐλῶ,
976 910 1079 988 βιβῶ,
1102 922 1225 992 repetem,
1250 916 1358 986 σετῶ,
1382 922 1481 993 nepo),
1505 915 1625 989 σκεδῶ,

443 1027 550 1083 aeno:
575 1017 698 1080 rariora
717 1022 793 1079 sunt
816 1021 942 1081 καλῶσι
958 1026 1122 1093 καλῶααιε
1147 1015 1344 1100 singularia,
1369 1016 1460 1082 nobis
1482 1018 1628 1105 quidem,

443 1118 543 1197 ἕξετῶ
567 1118 651 1206 apud
678 1120 845 1186 lsocnnrnu
869 1140 900 1205 p.
925 1124 1000 1185 195.
1027 1140 1054 1185 c.
1076 1120 1145 1185 coll.
1171 1120 1300 1185 Antiott.
1326 1123 1461 1187 Bonnam
1491 1144 1521 1209 p.
1542 1128 1628 1202 251,
1675 1192 1679 1199 ,

444 1230 497 1291 52.
526 1234 558 1291 et
588 1233 703 1291 σωσκιὸι
733 1225 765 1288 in
789 1224 952 1290 Snenncnrs
989 1222 1093 1309 Oedip.
1121 1224 1224 1291 Colore.
1253 1246 1298 1291 vs.
1321 1230 1397 1292 406.
1443 1228 1500 1293 llis
1528 1231 1629 1314 igitur

444 1330 556 1396 lormis
588 1330 685 1396 Attici
707 1329 782 1395 sotir
804 1329 995 1407 utebantur,
1017 1338 1053 1395 ut
1080 1350 1257 1416 numquam
1285 1332 1456 1417 quisquam
1484 1335 1628 1414 καλέσω,

439 1436 609 1502 διασελὲσω
634 1444 690 1501 aut
709 1432 859 1500 similiter
884 1435 1026 1512 diceret,
1049 1456 1152 1521 neque
1183 1435 1301 1513 ἕλασω,
1324 1438 1474 1517 erpere,
1499 1440 1625 1509 σεσσὶσω

439 1550 501 1634 λιιι,
517 1540 692 1629 quidquam
714 1538 753 1606 (le
768 1542 921 1618 caeleriS,
946 1557 1050 1625 neque
1073 1540 1150 1606 aden
1173 1541 1348 1621 καλέσσμαι
1361 1548 1417 1608 aul
1429 1545 1625 1624 σέναβιβασσ-

439 1673 498 1727 μαι
523 1654 579 1712 ant
608 1644 693 1710 aliud
714 1644 791 1731 qnid
817 1643 1003 1709 huiusmodi
1030 1650 1114 1710 essct
1138 1645 1170 1709 in
1201 1664 1274 1711 usu.
1323 1648 1542 1717 Animadverti
1568 1650 1625 1717 bas

439 1752 560 1817 formas
584 1750 647 1815 ia'm
679 1750 753 1814 olim
787 1748 949 1815 interiisse
973 1758 1003 1815 et
1028 1750 1287 1836 antiquissimam
1316 1772 1385 1821 csse
1412 1753 1537 1832 labem,
1560 1774 1624 1841 qua

438 1857 581 1933 καλέσω,
612 1853 808 1935 καλέσσμαι,
831 1855 981 1936 βιβασω,
1014 1855 1216 1936 prenomen,
1252 1859 1376 1937 ἐλσὶσω,
1400 1859 1568 1926 trecentae
1593 1868 1624 1927 el

438 1962 559 2028 similia
576 1961 686 2027 omnes
707 1961 869 2047 coeperint
891 1962 997 2027 dicere
1021 1969 1052 2027 et
1075 1961 1224 2027 scribere.
1268 1963 1350 2029 Hinc
1369 1963 1491 2031 iactum
1519 1971 1623 2031 estut

436 2088 537 2133 novae
566 2067 685 2132 lnrmae
713 2066 831 2152 passim
859 2066 1067 2151 subreperent
1100 2067 1132 2131 in
1158 2067 1364 2152 antiquarum
1391 2070 1514 2146 sedem,
1538 2070 1622 2135 unde

436 2175 585 2260 sequitur
601 2170 800 2239 restituenda
830 2190 898 2235 esse
923 2170 1042 2256 ubique
1075 2171 1217 2237 locorum
1243 2192 1325 2257 qnae
1345 2182 1469 2240 constet
1489 2176 1567 2241 vitio
1590 2182 1622 2241 et

436 2274 550 2343 lraude
572 2298 641 2343 esse
674 2276 713 2344 de
736 2276 805 2342 loco
834 2274 967 2340 deiecta.
1015 2276 1126 2364 ltaque
1147 2277 1289 2376 καλέσω,1
1313 2286 1350 2343 nt
1371 2278 1430 2345 bno
1448 2288 1541 2357 utar,
1564 2299 1620 2345 un-

436 2384 533 2470 dique
564 2391 614 2449 cst
639 2380 882 2470 expellendum,
916 2401 979 2467 quo
1022 2380 1105 2447 male
1138 2380 1249 2467 pedem
1286 2381 1397 2450 intulit
1434 2384 1508 2472 (nisi
1539 2383 1620 2449 sorte

435 2489 663 2556 coniunctivus
686 2489 749 2566 sit,
774 2496 810 2552 nt
832 2487 916 2573 apud
948 2484 1122 2551 Sornooneu
1146 2487 1178 2551 in
1200 2486 1334 2553 Pltiloct.
1359 2492 1466 2566 libb,

430 2575 435 2583 ⁴
716 2594 792 2677 φέρε
817 2596 867 2660 obv
887 2594 1000 2673 ςείχωι
1019 2594 1124 2674 χώραν
1152 2591 1285 2659 καλέσω.

434 2683 467 2769 et
489 2702 521 2765 in
544 2697 762 2766 baesrornanrs
782 2697 978 2775 pronoen,

525 2795 529 2806 ⁴
593 2805 623 2886 y'
661 2801 665 2810 ’
710 2802 785 2886 Φέρε
806 2828 855 2869 uon
876 2804 936 2881 ἐγὼ
961 2808 1021 2867 τῶν
1043 2802 1155 2869 ἔνδοθεν
1177 2804 1300 2869 καλέσω
1321 2803 1401 2870 τινα.

433 2918 466 2977 et
487 2889 621 2997 [μείλια.
644 2911 706 2973 8Ξ31
732 2916 764 2973 et
788 2904 866 2994 864)
899 2914 931 2972 et
955 2909 1140 2985 ἐγκαλέσω,
1162 2910 1409 2986 ἐπικαλέσωμαι,
1428 2909 1619 2995 trevenano,

430 3036 513 3103 qnae
546 3014 715 3099 aliquoties
746 3015 778 3077 in
808 3011 946 3077 Pnnroun
977 3022 1008 3078 et
1042 3012 1229 3079 Oratoribus
1261 3023 1292 3079 et
1315 3013 1385 3079 aliis
1421 3023 1618 3092 occurrunt,

430 3129 519 3187 certa
533 3108 774 3185 'emendatione
804 3116 989 3203 refingerula
1025 3128 1101 3183 sunt
1136 3120 1175 3185 ad
1212 3126 1411 3185 constantem
1447 3126 1478 3183 et
1509 3140 1618 3207 perpe·

425 3211 526 3317 ¹terum
558 3224 730 3289 Atticorum
761 3244 866 3289 usum.
922 3219 990 3288 Non
1026 3225 1128 3309 magis
1160 3224 1355 3311 parcendum
1392 3232 1441 3291 est
1472 3224 1618 3293 soloecis-

429 3333 514 3407 mis,
538 3328 649 3417 qnales
672 3337 748 3394 sunt
771 3329 921 3409 βιβασω,
945 3330 1173 3409 σρισβιβασω,
1195 3332 1438 3410 ἀναβιβάσομαι
1459 3340 1537 3411 etc,
1562 3332 1618 3418 qni

428 3437 625 3523 ubicumque
650 3434 734 3522 apntl
755 3446 879 3501 veteres
902 3434 1071 3518 leguntur,
1099 3434 1326 3502 Graeculorum
1351 3438 1430 3501 vitio
1449 3417 1616 3521 leguntur,

428 3563 492 3607 non
521 3543 716 3607 Graecorum.
770 3540 805 3606 ln
836 3542 945 3607 animo
968 3548 1017 3605 est
1045 3540 1216 3607 Atticorum
1248 3540 1353 3618 locos,
1387 3543 1441 3627 qui
1474 3541 1537 3607 buc
1572 3541 1587 3606 l
1605 3578 1616 3591 ·

428 3650 536 3722 ciant,
574 3645 745 3732 diligenter
772 3646 920 3712 collectos
943 3646 1028 3712 inter
1059 3666 1091 3712 se
1119 3654 1364 3731 componerent
1395 3646 1616 3713 demonstrare

425 3737 625 3839 scripturas,
654 3771 734 3838 quas
762 3752 962 3838 improbem,
991 3772 1052 3816 nnn
1080 3772 1149 3817 esse
1173 3752 1323 3837 antiquas
1354 3760 1410 3816 aut
1440 3772 1534 3817 sanas
1561 3752 1615 3819 sed

425 3857 569 3944 antiquis
592 3866 623 3922 et
644 3857 730 3921 sanis
753 3857 956 3921 substitutas.
1005 3858 1125 3921 Poterit
1150 3856 1209 3921 sibi
1240 3859 1376 3941 quisque
1400 3858 1484 3923 inter
1507 3858 1615 3943 legen-

425 3962 503 4028 rlum
538 3960 629 4027 facile
653 3961 818 4047 explorare
848 3962 966 4025 satisne
991 3980 1102 4026 rernm
1123 3970 1155 4026 ct
1179 3968 1304 4025 certum
1330 3962 1393 4035 sit,
1420 3963 1503 4048 quod
1528 3983 1615 4031 nunc

425 4067 538 4156 paucis
562 4084 745 4153 expromam
771 4075 803 4131 et
834 4064 991 4130 eiusmodi
1021 4072 1087 4139 est,
1122 4072 1158 4129 ut
1190 4084 1258 4131 eam
1290 4071 1540 4135 controversiam
1566 4071 1615 4137 vel

423 4172 527 4239 solum
548 4170 699 4237 dirimere
714 4171 824 4256 possit.
850 4170 1008 4243 librarii,
1027 4170 1192 4253 magistri,
1218 4171 1352 4237 lectores
1376 4192 1469 4237 omne
1490 4194 1615 4257 genuS,

422 4277 478 4367 qui
502 4270 626 4343 veteres
649 4275 768 4341 formas
799 4274 1020 4360 expellebant,
1046 4275 1228 4362 ubicunque
1258 4296 1318 4341 non
1344 4278 1421 4340 satis
1442 4280 1613 4360 apparebat

422 4383 526 4449 futuri
551 4382 703 4467 temporis
725 4399 778 4444 eas
804 4379 922 4443 lormas
945 4398 1031 4453 esse,
1052 4400 1167 4447 manus
1187 4380 1406 4453 abstinebant;
1434 4384 1613 4463 praesentis

422 4490 576 4575 temporis
607 4505 675 4550 esse
706 4488 912 4570 suspicantur
935 4492 967 4549 et
1003 4494 1131 4551 servant
1156 4489 1315 4561 intactas,
1340 4484 1394 4549 ubi
1417 4494 1504 4551 καλῶ
1531 4506 1560 4551 v.
1582 4510 1610 4555 c.

416 4594 566 4660 futurum
598 4610 666 4657 esse
690 4586 874 4673 intelligunt
905 4590 937 4653 in
962 4590 1084 4657 καλέσω
1109 4592 1295 4676 relinqunt,
1329 4589 1381 4655 ubi
1407 4611 1471 4655 non
1496 4592 1613 4659 intelli·

417 4698 498 4786 gn'nt
518 4696 597 4763 nibil
622 4703 764 4763 movent.
796 4694 916 4787 ¹Locus
936 4705 985 4761 est
1009 4696 1040 4761 in
1067 4697 1227 4763 Auscurnrs
1256 4695 1537 4778 remoraremur
1561 4698 1612 4767 bis
