3767 5717
973 610 1039 677 390

414 833 455 892 γε
480 805 655 900 κοιιδοοιοιοὶ,
669 809 728 874 τῶν
749 802 910 880 Ἀθήνησιν
933 803 1136 886 Ἔρεχθιρὶδῶν
1158 803 1213 870 rei
1234 799 1432 886 Κεκροπιδῶν
1446 805 1481 870 ori
1499 812 1592 889 Τροι-

414 913 520 1000 ζιρνθοιν
545 913 597 980 roi
621 909 775 978 Λοικθινοιν
798 907 984 990 θννοοτθρες,
1019 930 1096 974 uem
1115 909 1321 991 Ἐρεχθιιιδῶν
1345 907 1522 976 berberem
1540 920 1592 978 est

414 1033 448 1088 et
472 1018 662 1102 Κεκροπιδῶν
692 1017 786 1086 nimis
814 1014 976 1107 lepidum,
1003 1015 1158 1107 quonium
1182 1015 1209 1079 oi
1233 1015 1420 1098 Κεκροπίδαι
1445 1037 1513 1081 non
1529 1038 1594 1106 ps·

400 1127 511 1194 ,riunt
556 1123 617 1208 Qui
635 1123 832 1192 Puorseom
853 1119 988 1188 Codices
1008 1121 1155 1212 inspiciet
1173 1121 1329 1211 seriptum
1349 1145 1417 1188 esse
1435 1121 1593 1211 reperiet,

415 1245 453 1300 ut
478 1231 607 1322 opinor,
635 1229 840 1311 Ἐρεχθνθδον
864 1226 918 1294 ssi
943 1227 1153 1308 Κεκροπίδων,
1187 1248 1271 1315 quse
1291 1247 1394 1316 quum
1411 1225 1593 1316 reposueris

414 1337 591 1430 prudenter
608 1336 770 1410 Ἀθήνησιν
789 1355 960 1424 expunges.
1002 1330 1044 1397 At
1066 1331 1186 1398 roribee
1206 1330 1389 1422 saepissime
1408 1332 1594 1425 impingunt

415 1443 449 1508 in
477 1441 610 1518 talibus,
639 1438 747 1528 qualis
772 1449 845 1504 suut
870 1438 997 1516 ἑςῖινοιι,
1020 1438 1145 1515 ἱςῖινοιι,
1163 1437 1333 1517 δεικνῦνιιι,
1351 1438 1514 1517 retroiret,
1532 1438 1595 1502 δει-

416 1552 558 1620 κνῦνοεο,
579 1553 721 1625 mio-rso,
745 1544 947 1624 κεκερᾶσθαι,
966 1541 1152 1621 κιχροῖσθνι,
1170 1542 1330 1617 mortar,
1354 1551 1411 1606 eut
1428 1544 1541 1607 eoirtra
1560 1540 1596 1606 in

294 1644 303 1650 ’
416 1652 563 1724 κνλθοοιι,
596 1647 711 1723 λθοοιι,
746 1645 853 1728 νίψον,
886 1644 1072 1736 κεχρθοθοιι,
1106 1644 1297 1730 κεκονθοθοιι,
1327 1644 1504 1726 μεμίχθαι,
1537 1671 1595 1713 πο·

416 1755 576 1840 προθχθιιι,
595 1754 701 1840 stirs
727 1763 759 1821 et
786 1750 882 1832 κρίμα
913 1762 947 1817 et
966 1750 1084 1829 ιιλθμοι
1106 1760 1139 1816 et
1162 1751 1199 1815 τὸ
1218 1749 1365 1832 δοκρθον,
1388 1750 1595 1818 confundunt

418 1861 514 1944 οιθρειν
535 1873 568 1928 et
587 1862 700 1942 οιὶρεῖν,
724 1857 817 1938 βθλον
840 1867 873 1922 et
890 1855 1002 1934 βαλῶ,
1025 1854 1189 1938 ονννθφειν
1209 1866 1243 1920 et
1261 1861 1442 1938 συννεφεῖν,
1461 1856 1594 1924 κυλίνδον

418 1979 452 2034 ot
481 1968 625 2044 κνλινδῶ,
652 1962 863 2046 νοιοιιορθχιιν
889 1949 922 2028 et
947 1966 1168 2041 κοντοιτρνχῶν.
1217 1960 1299 2028 Fere
1325 1984 1451 2054 semper
1474 1965 1540 2043 χοᾶ
1562 1972 1598 2028 et

419 2076 501 2155 χοῖον
521 2095 584 2162 pro·
595 2070 661 2151 χθοι
680 2081 712 2135 et
730 2069 812 2148 χθονς
830 2068 1026 2158 scriptitent,
1040 2076 1074 2132 et
1087 2066 1197 2151 θφλειν
1218 2078 1251 2134 et
1264 2067 1396 2134 θλίοθειν
1414 2079 1449 2133 et
1464 2065 1595 2148 resipere

416 2190 455 2244 et
472 2176 598 2243 similis.
632 2174 773 2256 Aoristos
793 2173 827 2238 in
847 2176 949 2239 -οιθεῖν
970 2172 1145 2263 productos
1163 2173 1285 2264 ubique
1304 2173 1338 2238 iu
1356 2172 1458 2240 -οθθειν
1479 2171 1595 2262 depra-

420 2293 549 2356 rerunt,
589 2291 624 2346 ut
644 2277 748 2344 multi
776 2275 938 2367 hodieque
970 2278 1142 2367 opinentur
1175 2279 1297 2346 Graeca
1324 2301 1392 2344 esse
1420 2274 1591 2354 διωκθθειν,

420 2385 607 2468 sisteretur,
637 2381 788 2460 εθκοθθειν,
818 2383 1017 2456 ὑπεικοθθειν,
1047 2381 1259 2464 supersedisse,
1289 2380 1462 2464 εθρροθθειν,
1491 2377 1595 2445 ρἰλιιοθ-

421 2494 497 2572 θειν,
528 2512 629 2582 quum
657 2486 817 2553 διωνοιθεῖν
836 2491 911 2552 oett.
932 2485 1065 2553 eoristos
1085 2508 1153 2552 esse
1172 2487 1360 2552 Eumelus
1377 2484 1417 2551 ed
1439 2486 1598 2552 Medeam

421 2621 467 2666 rs.
491 2600 555 2666 1⁸6
581 2608 674 2663 uoute
701 2595 905 2684 perspexerit.
950 2592 991 2658 In
1012 2593 1177 2659 Pmortrs
1198 2591 1361 2684 Sophiste
1384 2615 1456 2682 pop.
1478 2595 1545 2659 254
1566 2611 1598 2659 ιι.

422 2703 477 2769 ἐὰν
510 2701 572 2784 ἄρον
601 2705 676 2781 ἡμῖν
702 2724 747 2782 πρ
773 2699 968 2781 οιοιρειιιοισθῇ
995 2698 1101 2780 ἀθῴοις
1125 2697 1352 2764 οὶκοιλλοθττὲιν
1378 2698 1459 2764 dent
1488 2719 1600 2765 omues

422 2831 481 2900 pro
502 2804 689 2890 πορεικθθρ,
708 2803 795 2895 quod
815 2804 1009 2886 Boucruros
1028 2802 1157 2895 reperit.
1188 2801 1360 2870 Hrerouro
1379 2803 1477 2870 redde
1496 2803 1599 2870 εἰκθ-

422 2915 557 2994 θωμενι
574 2911 853 2992 οιοιροιχιορθοοιμεν
871 2932 930 2999 pro
946 2908 1169 2988 εἱκοοθέοοιμεν.
1194 2907 1313 2976 Iisdem
1329 2908 1466 2977 debetur
1476 2912 1599 2990 Ὀλνμ-

421 3018 482 3102 oriqt
503 3020 590 3084 rrroir
608 3037 667 3106 pro
684 3016 872 3095 Ὀλύμπιοι,
897 3021 1008 3080 κοιλεῒν
1030 3013 1081 3078 ἐπὶ
1104 3012 1192 3096 &sris
1214 3036 1273 3104 pro
1294 3014 1399 3092 ξένιον,
1430 3026 1463 3080 et
1479 3015 1599 3106 passim

422 3120 640 3201 Ὀλνμπιοθοιν
658 3130 693 3186 et
710 3121 928 3197 Ὀλνμοιιιῖοιν
952 3141 1012 3209 pro
1034 3118 1271 3196 Ὀλνριοιθοοσιν,
1305 3131 1338 3184 et
1355 3132 1503 3187 semente
1522 3133 1599 3187 suut

423 3223 625 3303 huiusmodi,
655 3223 690 3290 in
719 3222 836 3313 quibus
868 3235 1050 3288 oonstsoter
1080 3221 1231 3288 Graeculi
1252 3224 1423 3305 labentur,
1451 3238 1484 3292 et
1502 3227 1598 3294 nimis

423 3355 516 3423 seepe
543 3328 677 3396 Critieos
699 3349 807 3394 seeum
826 3328 859 3394 in
884 3351 1022 3396 errorem
1043 3327 1186 3396 trahunt.
1232 3331 1465 3399 Foedissimum
1482 3333 1597 3400 uitium

423 3449 472 3506 est
502 3437 646 3502 retroiret
674 3456 733 3524 pro
760 3432 904 3500 τεθνοθνοοι
934 3434 1092 3515 seribere,
1121 3458 1197 3500 nem
1218 3437 1346 3507 brevem
1367 3437 1510 3506 vocalem
1530 3461 1599 3506 esse

422 3553 563 3620 constet,
584 3551 620 3608 ut
637 3539 671 3606 iu
690 3539 860 3618 τέθνοιμεν,
886 3535 1022 3619 resse,
1046 3541 1184 3616 τέθνιιθι,
1209 3539 1314 3617 ἕςιιθι,
1341 3541 1469 3633 decepit
1492 3554 1614 3644 trrureu⁸

423 3650 535 3718 dootoe
552 3645 719 3724 homines,
735 3643 792 3736 qui
809 3645 844 3712 in
862 3644 1038 3712 Μιιοιοιιιιι
1051 3647 1232 3737 fragmento
1242 3651 1274 3713 2.
1288 3671 1332 3716 rs.
1346 3653 1394 3716 10.
1411 3649 1597 3718 ediderunt:

668 3750 787 3820 οοθτθκοι
809 3753 991 3818 retroiret
1015 3753 1142 3832 βέλτιον
1166 3753 1183 3831 ἢ
1208 3754 1329 3833 βίοτος,

372 3858 375 3863 ’
423 3881 525 3952 quum
545 3857 687 3926 inlibris
708 3855 749 3922 sit
767 3856 885 3925 ιιύτθιιοι
908 3857 947 3932 δὴ
967 3856 1112 3924 retroiret
1132 3871 1165 3924 et
1185 3882 1295 3926 rerum
1315 3859 1461 3928 videatur
1480 3861 1601 3928 κθοθιιοι

423 3967 474 4042 δὴ.
486 3964 635 4039 θοθνοιτοο,
660 3986 735 4030 uem
755 3963 900 4029 retroiret
924 3985 1012 4028 mera
1029 3975 1079 4030 est
1099 3962 1272 4032 barbaries.
1322 3965 1435 4058 lugens
1454 3979 1600 4058 superest

424 4071 571 4140 locorum
598 4092 765 4147 umnerus,
798 4067 856 4134 ubi
882 4083 1036 4136 accentus
1064 4071 1213 4162 imperite
1241 4085 1274 4138 et
1301 4072 1434 4140 iodoote
1461 4073 1603 4166 appositi

424 4177 617 4245 snteutiem
644 4175 815 4244 verborum
841 4177 1058 4266 pessumdant.
1106 4177 1162 4244 list
1181 4178 1304 4270 aliquid
1321 4179 1408 4245 inter
1424 4180 1542 4260 λέχους
1565 4191 1601 4246 et

424 4287 559 4365 λεχοῦς,
584 4283 696 4350 εἴκοσιν
723 4294 756 4349 et
781 4282 910 4358 εἰκόσιν,
935 4291 1040 4356 κοιλῶς
1060 4295 1093 4350 et
1114 4285 1237 4364 κοιλθς,
1260 4284 1320 4350 τοδν
1340 4283 1540 4366 ὑπθρχοισοιν
1567 4296 1601 4352 et

425 4391 486 4458 ‘rrir
506 4389 720 4471 ὑποιρχοισοῖν,
744 4388 799 4454 κκθ
817 4400 850 4454 et
869 4390 948 4463 καῖ’,
971 4389 1102 4461 λέοντος
1125 4400 1158 4454 et
1176 4393 1326 4464 λεοντᾶς,
1352 4390 1472 4466 οἰκέτην
1492 4391 1601 4471 πάροι-

426 4517 476 4560 νον
505 4493 648 4578 κολθζειν
678 4506 711 4561 et
736 4498 809 4577 παρ’
832 4490 937 4573 οἶνον,
961 4518 1045 4586 quse
1072 4496 1178 4561 omnia
1206 4497 1339 4586 confusa
1368 4519 1436 4563 esse
1465 4494 1598 4564 ostendi.

428 4596 520 4666 Iurat
549 4596 599 4665 his
625 4599 781 4666 nonnulle
804 4599 950 4690 exempla
970 4599 1087 4666 addere
1103 4624 1144 4667 ex
1165 4624 1230 4669 uuo
1248 4602 1427 4691 eodemque
1446 4602 1602 4694 seriptore

428 4714 547 4783 sumto,
570 4726 608 4774 ex
627 4706 826 4773 Psurrrcur
844 4710 943 4788 vilis,
968 4707 1087 4798 quibus
1104 4708 1221 4777 similis
1236 4706 1367 4776 slioude
1388 4707 1446 4774 elii
1463 4709 1602 4801 oonqoi-
