3767 5717
972 590 1039 666 218

423 785 543 863 similes
566 794 640 851 sunt
668 784 770 851 forma
789 794 822 853 et
843 783 927 851 inter
944 806 979 851 se
996 794 1031 851 et
1051 782 1178 857 litterae
1194 808 1233 861 ιι,
1261 792 1298 851 ut
1314 803 1381 854 nou
1398 781 1440 849 sit
1457 782 1600 853 cuiusvis

423 890 602 955 discernere
631 902 740 957 utrum
767 890 792 969 β
823 913 864 955 an
891 914 909 966 ιι
935 912 977 955 au
1002 915 1022 955 κ
1048 890 1088 955 sit
1116 889 1282 981 scriptum.
1307 887 1425 973 ¹Quod
1455 887 1599 983 Ortum

422 1008 553 1062 venuste
589 995 681 1061 dicit:
707 998 825 1083 facies
851 1018 916 1061 non
937 997 1093 1069 ‚omnibus
1120 1020 1189 1063 κιοα
1229 1016 1290 1064 nec
1315 994 1452 1061 drbersa
1486 1004 1599 1061 tamen

420 1104 552 1191 qualem
580 1103 671 1167 decet
698 1124 771 1167 esse
799 1124 971 1179 sororum,
998 1099 1085 1175 idem
1114 1100 1156 1167 de
1174 1099 1239 1177 illis
1257 1099 1372 1167 litteris
1391 1098 1457 1181 dici
1476 1112 1597 1189 potest.

421 1206 456 1273 Si
483 1207 555 1297 quis
583 1205 646 1271 hoc
674 1207 739 1297 agit
762 1218 795 1273 et
820 1206 903 1273 bene
925 1205 1045 1282 Graece
1066 1205 1125 1272 scit
1142 1206 1239 1295 longo
1261 1223 1328 1271 usu·
1340 1204 1463 1295 aliquid
1482 1206 1598 1273 discri-

420 1315 516 1381 minis
544 1314 725 1381 observabit
747 1336 788 1380 ne
818 1337 922 1381 errare
941 1314 1061 1404 possit,
1085 1313 1142 1393 ubi
1159 1312 1317 1379 remiseris
1336 1312 1460 1403 aliquid
1480 1312 1599 1379 iterum
1637 1375 1640 1377 ,

421 1420 599 1485 miscentur
625 1419 739 1485 omnia.
786 1419 986 1486 Hnsrcmutt
1012 1442 1105 1509 saepe
1127 1442 1164 1484 ea
1184 1442 1234 1486 res
1252 1420 1286 1484 in
1304 1418 1451 1485 fraudem
1472 1419 1601 1486 induxit
1694 1414 1704 1429 ⁸

421 1548 522 1615 quum
551 1525 657 1605 Ἥρινε
685 1548 744 1615 pro
773 1533 854 1607 κρῖνε
883 1514 1050 1604 scriberet,
1070 1536 1126 1589 aut
1145 1527 1270 1601 ε’νικλῖιν
1292 1546 1352 1615 pro
1372 1526 1518 1600 ἕνικλάν,
1543 1538 1599 1590 aut

421 1632 532 1707 εὐήλωι
566 1651 626 1720 pro
655 1631 778 1696 εὔκλωι.
842 1630 939 1721 Apud
969 1632 1125 1698 Pucrtutt
1155 1628 1234 1698 Cod.
1262 1634 1315 1697 94.
1348 1654 1381 1720 p.
1412 1632 1467 1697 75.
1497 1626 1600 1711 οὗκοον,

374 1754 376 1761 ’
419 1736 591 1814 scribitur,
607 1756 707 1825 quum
732 1736 850 1803 I'rnnu
868 1737 1048 1827 principem
1067 1748 1229 1828 oporteret
1248 1734 1411 1823 (Οὐῆρον),
1430 1748 1463 1801 et
1481 1736 1600 1825 passim

424 1842 469 1907 sic
488 1841 609 1906 scribae
628 1852 750 1907 veteres
769 1840 1017 1909 hallucinantur.
1064 1844 1138 1909 Non
1160 1844 1284 1910 acutius
1303 1853 1438 1909 cernunt
1454 1840 1602 1907 homines

423 1944 617 2026 doctissimi,
642 1947 729 2037 quod
752 1946 878 2013 duobus
906 1949 1060 2039 exemplis
1082 1939 1318 2015 demonstrabo.
1364 1946 1403 2012 In
1423 1947 1495 2013 loco
1517 1947 1603 2015 Par-

425 2070 519 2118 rortls
541 2054 657 2119 cornici
677 2054 762 2143 apud
786 2054 911 2121 bruun.
929 2066 968 2122 X.
984 2080 1015 2146 p.
1036 2042 1113 2122 442.Ι
1127 2076 1157 2122 a.
1173 2056 1280 2124 editur
1294 2054 1428 2121 verbum
1444 2058 1603 2135 κινητιοῖν,

424 2158 511 2250 quod
541 2159 637 2224 nihili
673 2172 742 2239 est;
781 2160 813 2225 in
846 2160 958 2226 codice
991 2160 1159 2252 perspicue
1187 2161 1334 2240 βινητιᾶν
1362 2172 1410 2226 est
1435 2158 1601 2248 scriptum.

421 2264 757 2333 Scnwrtcntusnuus
787 2266 970 2333 felicissima
998 2266 1197 2333 correctione
1222 2263 1599 2353 restituit-fragmentum

421 2369 559 2443 Dtrurnr
582 2369 667 2460 apud
692 2370 818 2437 Arrun.
842 2371 898 2440 tx.
922 2396 954 2463 p.
978 2375 1054 2437 370.
1077 2389 1108 2439 r.

415 2472 419 2484 ¹
553 2475 692 2559 ῥάφανος
717 2478 858 2558 λιιικρά,
884 2479 1110 2559 σπλαγχνίδια
1134 2475 1405 2559 centimetrum
1501 2470 1505 2475 ’

556 2580 760 2647 άπκλάοκτ’.
789 2584 887 2649 Οὐδὲν
909 2582 959 2665 μά
982 2583 1048 2649 Διίο
1069 2592 1135 2659 τοῖς
1158 2585 1246 2664 ἐμοῖς
1270 2582 1332 2649 sui
1356 2589 1437 2655 τοῖς

438 2708 439 2713 ’
553 2681 646 2766 ὅμοιοι
668 2684 850 2767 ortygas.

421 2813 480 2882 pro
499 2791 551 2857 rui
575 2802 640 2867 τοῖς
660 2793 779 2885 reperit
797 2794 941 2874 βλίτοις,
965 2794 1144 2873 verissime,
1163 2815 1303 2883 namque
1321 2791 1354 2858 in
1371 2791 1477 2859 unico·
1489 2790 1599 2858 codiee

422 2896 592 2989 perspicue
616 2898 770 2989 scriptum
792 2900 902 2969 inveni
920 2902 981 2981 βκι
1004 2911 1082 2979 τοῖς,
1132 2898 1232 2991 Copia
1254 2898 1475 2990 exemplorum
1495 2913 1547 2966 'est
1565 2900 1600 2965 in

424 3003 596 3069 Ilnsrcnro
615 3005 813 3094 caeterisque
830 3005 944 3083 λέξεων
963 3004 1197 3071 conditoribus:
1217 3004 1321 3069 multa
1340 3004 1602 3079 Vsncrsrrnrcs

425 3106 579 3174 indicarit
608 3108 641 3173 in
668 3110 815 3177 Mt'scell.
847 3109 1036 3179 Observatt.
1057 3111 1268 3182 Amstelaed·
1282 3110 1347 3177 rol.
1369 3108 1454 3177 vul.
1470 3135 1501 3201 p.
1525 3114 1599 3178 157.

425 3236 472 3302 sq.
505 3213 613 3303 qualia
643 3225 718 3281 sunt
748 3217 896 3289 Μινύκιος
923 3240 984 3307 pro
1011 3218 1178 3300 Μινυήιος,
1196 3215 1338 3281 Nicretes
1364 3239 1424 3306 pro
1445 3217 1600 3295 Νυσήιον,

422 3321 587 3401 ἕκίιῑροινος
618 3346 677 3413 pro
706 3324 887 3405 instipatum,
917 3325 1157 3401 κολνκλάκοιτκ
1179 3346 1238 3416 pro
1265 3323 1522 3400 ιιολνκλάκκκν,
1546 3332 1603 3410 aut

425 3438 536 3493 contra
558 3426 693 3508 κρνεράνι
719 3428 867 3510 φρικτόν,
892 3453 952 3521 pro
966 3429 1114 3513 φρικτόν,
1135 3431 1257 3510 iringus
1277 3452 1334 3519 pro
1356 3428 1478 3508 ἔνικικον
1497 3429 1537 3517 (r.
1556 3428 1603 3507 ἑρ-

424 3530 576 3619 virore),
596 3531 724 3613 μνρίκκι
746 3556 805 3623 pro
825 3544 953 3617 μορῖκοιι
973 3546 1021 3612 et,
1043 3534 1130 3625 quod
1149 3535 1246 3601 etiam
1269 3534 1393 3624 turpius
1410 3545 1474 3613 est,
1494 3533 1604 3598 eloco

424 3637 598 3705 Homerico
626 3637 702 3707 δάκε
735 3640 766 3704 δὲ
788 3640 904 3723 <ipisus
931 3641 1057 3722 ἱΈκτορι
1083 3644 1181 3721 μῦθος
1205 3640 1310 3731 glossa
1329 3650 1376 3705 est
1396 3639 1507 3715 δάκει
1532 3638 1604 3703 ἕλκ’-

426 3767 520 3822 rurs.
554 3757 618 3811 tam
650 3743 735 3811 nihil
765 3744 816 3811 isti
850 3747 1003 3835 cogitant
1048 3745 1300 3840 Nonnumquam
1330 3767 1470 3811 errorem
1500 3761 1606 3809 errore

428 3852 595 3917 cumulant
628 3862 665 3915 ut
691 3849 776 3940 apud
805 3849 938 3919 Suruau
966 3876 995 3918 r.
1020 3851 1181 3932 πάνδημον
1203 3876 1262 3944 pro
1289 3850 1459 3930 πάγκοινον
1485 3850 1603 3941 legitur

426 3959 611 4035 κκγήσιμον
638 3948 758 4045 triplici
777 3956 864 4024 vitio.
912 3958 1007 4023 Plura
1025 3956 1066 4022 de
1085 3978 1201 4045 genere
1220 3957 1282 4024 boc
1301 3957 1443 4023 Basrrus
1461 3956 1607 4046 collegit,

428 4072 464 4125 ut
492 4060 601 4133 νέκλνς
630 4083 689 4150 pro
721 4062 851 4140 νέκλνς,
883 4063 1010 4145 aarum
1045 4084 1105 4153 pro
1132 4063 1278 4145 εὐκνίοῳ,
1304 4063 1376 4130 aliu.
1422 4062 1606 4153 Saepe-riti

430 4164 517 4231 docti
544 4177 681 4256 peccant
710 4166 744 4241 in
773 4167 938 4233 codicibus
971 4167 1188 4240 describendis
1208 4168 1326 4234 similes
1351 4166 1407 4235 bas
1425 4168 1604 4233 litterarum

426 4272 544 4361 figuras
563 4272 806 4341 confundentes.
841 4273 969 4364 Insigne
989 4275 1172 4366 exemplum
1191 4275 1287 4343 estin
1307 4273 1446 4341 Scholiis
1461 4272 1607 4353 Venetis,

425 4376 466 4443 ad
493 4377 603 4445 Iliadis
631 4388 666 4445 K.
695 4382 771 4444 431.
797 4380 870 4461 πρὸς
902 4380 945 4445 τά
972 4380 1040 4461 περὶ
1070 4380 1214 4455 Κιλικίοις
1238 4381 1388 4447 Ἠσιόδου.
1437 4382 1517 4447 Rem
1540 4400 1602 4443 acu

429 4484 534 4573 tetigit
556 4484 743 4565 tranum,
767 4485 824 4574 qui
844 4486 968 4560 ιὶλικίκς
990 4485 1190 4574 emendarit,
1207 4498 1239 4553 et
1258 4486 1290 4550 id
1311 4488 1416 4578 ipsum
1435 4486 1470 4555 iu
1486 4484 1606 4554 Codice

427 4592 580 4682 scriptum
611 4615 678 4657 esse
706 4592 781 4659 ridi.
830 4592 914 4676 Ques
943 4594 1052 4663 turbas
1083 4594 1159 4664 dere
1190 4594 1294 4661 solent
1322 4620 1357 4660 κ.
1393 4595 1430 4675 β.
1461 4618 1498 4681 κ.ι
1520 4592 1604 4659 malo

425 4696 533 4776 lecta,
557 4697 688 4769 eaedem
709 4711 865 4790 apparent
884 4698 916 4768 in
937 4700 1365 4773 coniunctione'litterarum
1381 4726 1420 4767 κν
1439 4712 1471 4767 et
1490 4724 1543 4783 κν,
1562 4698 1607 4780 βο
