<?xml version="1.0" encoding="UTF-8"?>
<!DOCTYPE html PUBLIC "-//W3C//DTD XHTML 1.0 Transitional//EN"
    "http://www.w3.org/TR/xhtml1/DTD/xhtml1-transitional.dtd">
<html xmlns="http://www.w3.org/1999/xhtml" xml:lang="en" lang="en">
 <head>
  <title>
</title>
<meta http-equiv="Content-Type" content="text/html;charset=utf-8" />
  <meta name='ocr-system' content='tesseract 3.04.00' />
  <meta name='ocr-capabilities' content='ocr_page ocr_carea ocr_par ocr_line ocrx_word'/>
</head>
<body>
  <div class='ocr_page' id='page_1' title='image "./variaelectiones02cobegoog_0357.png"; bbox 0 0 3767 5717; ppageno 0'>
   <div class='ocr_carea' id='block_1_1' title="bbox 858 565 1008 664">
    <p class='ocr_par' dir='ltr' id='par_1_1' title="bbox 858 565 1008 664">
     <span class='ocr_line' id='line_1_1' title="bbox 858 565 1008 664; baseline 0 0"><span class='ocrx_word' id='word_1_1' title='bbox 858 601 924 664; x_wconf 79' lang='grc' dir='ltr'><strong>κισ</strong></span> <span class='ocrx_word' id='word_1_2' title='bbox 1005 565 1008 570; x_wconf 49' lang='grc'>“</span> 
     </span>
    </p>
   </div>
   <div class='ocr_carea' id='block_1_2' title="bbox 288 790 1476 4460">
    <p class='ocr_par' dir='ltr' id='par_1_2' title="bbox 288 790 1476 4460">
     <span class='ocr_line' id='line_1_2' title="bbox 303 790 1476 881; baseline -0.006 -21"><span class='ocrx_word' id='word_1_3' title='bbox 303 814 421 860; x_wconf 86' lang='lat' dir='ltr'><strong>nomen</strong></span> <span class='ocrx_word' id='word_1_4' title='bbox 449 801 499 857; x_wconf 85' lang='lat' dir='ltr'><strong>est</strong></span> <span class='ocrx_word' id='word_1_5' title='bbox 527 790 690 880; x_wconf 78' lang='lat' dir='ltr'><strong>verbaque</strong></span> <span class='ocrx_word' id='word_1_6' title='bbox 715 791 869 881; x_wconf 77' lang='lat' dir='ltr'><strong>pleraque</strong></span> <span class='ocrx_word' id='word_1_7' title='bbox 889 792 995 858; x_wconf 91' lang='lat' dir='ltr'><strong>omnia</strong></span> <span class='ocrx_word' id='word_1_8' title='bbox 1017 791 1159 881; x_wconf 81' lang='lat' dir='ltr'><strong>legitima</strong></span> <span class='ocrx_word' id='word_1_9' title='bbox 1178 802 1210 855; x_wconf 93' lang='lat' dir='ltr'><strong>et</strong></span> <span class='ocrx_word' id='word_1_10' title='bbox 1228 802 1382 880; x_wconf 87' lang='lat' dir='ltr'><strong>concepta</strong></span> <span class='ocrx_word' id='word_1_11' title='bbox 1402 799 1476 854; x_wconf 89' lang='lat' dir='ltr'><strong>sunt</strong></span> 
     </span>
     <span class='ocr_line' id='line_1_3' title="bbox 304 893 1475 987; baseline -0.004 -24"><span class='ocrx_word' id='word_1_12' title='bbox 304 910 336 964; x_wconf 90' lang='lat' dir='ltr'><strong>et</strong></span> <span class='ocrx_word' id='word_1_13' title='bbox 362 896 510 964; x_wconf 83' lang='lat' dir='ltr'><strong>stabilem</strong></span> <span class='ocrx_word' id='word_1_14' title='bbox 535 894 688 987; x_wconf 84' lang='lat' dir='ltr'><strong>quodque</strong></span> <span class='ocrx_word' id='word_1_15' title='bbox 715 895 823 963; x_wconf 86' lang='lat' dir='ltr'><strong>sedern</strong></span> <span class='ocrx_word' id='word_1_16' title='bbox 846 898 880 962; x_wconf 92' lang='lat' dir='ltr'><strong>in</strong></span> <span class='ocrx_word' id='word_1_17' title='bbox 902 921 936 964; x_wconf 90' lang='lat' dir='ltr'><strong>re</strong></span> <span class='ocrx_word' id='word_1_18' title='bbox 958 909 1042 962; x_wconf 89' lang='lat' dir='ltr'><strong>certa</strong></span> <span class='ocrx_word' id='word_1_19' title='bbox 1062 896 1193 962; x_wconf 82' lang='lat' dir='ltr'><strong>habent.</strong></span> <span class='ocrx_word' id='word_1_20' title='bbox 1240 895 1285 961; x_wconf 91' lang='lat' dir='ltr'><strong>Ut</strong></span> <span class='ocrx_word' id='word_1_21' title='bbox 1305 893 1389 985; x_wconf 90' lang='lat' dir='ltr'><strong>apud</strong></span> <span class='ocrx_word' id='word_1_22' title='bbox 1408 893 1475 958; x_wconf 79' lang='lat' dir='ltr'><strong>lto-</strong></span> 
     </span>
     <span class='ocr_line' id='line_1_4' title="bbox 300 999 1472 1093; baseline -0.004 -25"><span class='ocrx_word' id='word_1_23' title='bbox 300 1024 411 1068; x_wconf 88' lang='lat' dir='ltr'><strong>manos</strong></span> <span class='ocrx_word' id='word_1_24' title='bbox 431 1002 487 1092; x_wconf 90' lang='lat' dir='ltr'><strong>qui</strong></span> <span class='ocrx_word' id='word_1_25' title='bbox 507 999 643 1066; x_wconf 79' lang='lat' dir='ltr'><strong>cadebat</strong></span> <span class='ocrx_word' id='word_1_26' title='bbox 661 1000 801 1067; x_wconf 83' lang='lat' dir='ltr'><strong>formula</strong></span> <span class='ocrx_word' id='word_1_27' title='bbox 822 1003 904 1068; x_wconf 84' lang='lat' dir='ltr'>nihil</span> <span class='ocrx_word' id='word_1_28' title='bbox 924 1002 1058 1093; x_wconf 75' lang='lat' dir='ltr'><strong>agebat,</strong></span> <span class='ocrx_word' id='word_1_29' title='bbox 1082 1002 1126 1068; x_wconf 90' lang='lat' dir='ltr'><strong>sic</strong></span> <span class='ocrx_word' id='word_1_30' title='bbox 1146 1000 1232 1092; x_wconf 89' lang='lat' dir='ltr'><strong>apud</strong></span> <span class='ocrx_word' id='word_1_31' title='bbox 1264 999 1472 1066; x_wconf 74' lang='lat' dir='ltr'><strong>Athenienses</strong></span> 
     </span>
     <span class='ocr_line' id='line_1_5' title="bbox 302 1103 1475 1198; baseline -0.003 -25"><span class='ocrx_word' id='word_1_32' title='bbox 302 1109 360 1198; x_wconf 90' lang='lat' dir='ltr'><strong>qui</strong></span> <span class='ocrx_word' id='word_1_33' title='bbox 385 1109 489 1173; x_wconf 85' lang='lat' dir='ltr'><strong>verbis</strong></span> <span class='ocrx_word' id='word_1_34' title='bbox 516 1106 713 1174; x_wconf 81' lang='lat' dir='ltr'><strong>solemnibus</strong></span> <span class='ocrx_word' id='word_1_35' title='bbox 740 1129 807 1174; x_wconf 91' lang='lat' dir='ltr'><strong>non</strong></span> <span class='ocrx_word' id='word_1_36' title='bbox 835 1110 938 1175; x_wconf 87' lang='lat' dir='ltr'><strong>utitur</strong></span> <span class='ocrx_word' id='word_1_37' title='bbox 958 1109 1041 1174; x_wconf 88' lang='lat' dir='ltr'><strong>nihil</strong></span> <span class='ocrx_word' id='word_1_38' title='bbox 1059 1109 1172 1174; x_wconf 81' lang='lat' dir='ltr'><strong>dixisse</strong></span> <span class='ocrx_word' id='word_1_39' title='bbox 1194 1107 1328 1176; x_wconf 84' lang='lat' dir='ltr'><strong>ridetur.</strong></span> <span class='ocrx_word' id='word_1_40' title='bbox 1376 1103 1475 1170; x_wconf 85' lang='lat' dir='ltr'><strong>ludex</strong></span> 
     </span>
     <span class='ocr_line' id='line_1_6' title="bbox 300 1208 1472 1303; baseline -0.003 -27"><span class='ocrx_word' id='word_1_41' title='bbox 300 1213 357 1303; x_wconf 90' lang='lat' dir='ltr'><strong>qui</strong></span> <span class='ocrx_word' id='word_1_42' title='bbox 378 1213 440 1279; x_wconf 85' lang='lat' dir='ltr'><strong>lert</strong></span> <span class='ocrx_word' id='word_1_43' title='bbox 461 1213 650 1279; x_wconf 88' lang='lat' dir='ltr'><strong>sententiam</strong></span> <span class='ocrx_word' id='word_1_44' title='bbox 671 1213 789 1278; x_wconf 89' lang='lat' dir='ltr'><strong>dicitur</strong></span> <span class='ocrx_word' id='word_1_45' title='bbox 807 1217 864 1290; x_wconf 81' lang='grc' dir='ltr'><strong>τήν</strong></span> <span class='ocrx_word' id='word_1_46' title='bbox 884 1221 991 1297; x_wconf 75' lang='grc' dir='ltr'><em>ψῆφον</em></span> <span class='ocrx_word' id='word_1_47' title='bbox 1011 1214 1115 1298; x_wconf 84' lang='grc' dir='ltr'><em>φέρειν</em></span> <span class='ocrx_word' id='word_1_48' title='bbox 1137 1212 1323 1284; x_wconf 77' lang='grc' dir='ltr'><em>το1θὲσθαι,</em></span> <span class='ocrx_word' id='word_1_49' title='bbox 1345 1221 1377 1275; x_wconf 86' lang='lat' dir='ltr'><strong>et</strong></span> <span class='ocrx_word' id='word_1_50' title='bbox 1399 1208 1472 1274; x_wconf 92' lang='lat' dir='ltr'><strong>uni-</strong></span> 
     </span>
     <span class='ocr_line' id='line_1_7' title="bbox 298 1314 1473 1407; baseline -0.004 -24"><span class='ocrx_word' id='word_1_51' title='bbox 298 1318 380 1384; x_wconf 77' lang='lat' dir='ltr'><strong>versi</strong></span> <span class='ocrx_word' id='word_1_52' title='bbox 411 1318 548 1386; x_wconf 90' lang='lat' dir='ltr'><strong>iudices.</strong></span> <span class='ocrx_word' id='word_1_53' title='bbox 565 1319 763 1407; x_wconf 85' lang='lat' dir='ltr'><strong>(consilium)</strong></span> <span class='ocrx_word' id='word_1_54' title='bbox 797 1320 1003 1402; x_wconf 83' lang='grc' dir='ltr'><em>ψηφίζεσθαι.</em></span> <span class='ocrx_word' id='word_1_55' title='bbox 1059 1319 1145 1384; x_wconf 84' lang='lat' dir='ltr'><strong>Reus</strong></span> <span class='ocrx_word' id='word_1_56' title='bbox 1173 1317 1306 1399; x_wconf 75' lang='grc' dir='ltr'><em>φεύγειν</em></span> <span class='ocrx_word' id='word_1_57' title='bbox 1340 1314 1473 1392; x_wconf 70' lang='lat' dir='ltr'><strong>dicitur,</strong></span> 
     </span>
     <span class='ocr_line' id='line_1_8' title="bbox 297 1421 1470 1513; baseline -0.003 -25"><span class='ocrx_word' id='word_1_58' title='bbox 297 1427 610 1513; x_wconf 73' lang='grc' dir='ltr'><em>αοοιιιοίονδιιίκειν,</em></span> <span class='ocrx_word' id='word_1_59' title='bbox 632 1423 727 1490; x_wconf 91' lang='lat' dir='ltr'><strong>ambo</strong></span> <span class='ocrx_word' id='word_1_60' title='bbox 746 1426 772 1489; x_wconf 86' lang='lat' dir='ltr'><strong>oi</strong></span> <span class='ocrx_word' id='word_1_61' title='bbox 796 1424 1034 1507; x_wconf 80' lang='grc' dir='ltr'><em>ἀγωνιζόμενοι,</em></span> <span class='ocrx_word' id='word_1_62' title='bbox 1059 1421 1098 1489; x_wconf 80' lang='grc' dir='ltr'><strong>ὧν</strong></span> <span class='ocrx_word' id='word_1_63' title='bbox 1118 1424 1131 1488; x_wconf 89' lang='grc' dir='ltr'><em>ό</em></span> <span class='ocrx_word' id='word_1_64' title='bbox 1152 1424 1209 1502; x_wconf 79' lang='grc' dir='ltr'><strong>μὲν</strong></span> <span class='ocrx_word' id='word_1_65' title='bbox 1232 1422 1342 1487; x_wconf 81' lang='grc' dir='ltr'><em>διώκων</em></span> <span class='ocrx_word' id='word_1_66' title='bbox 1360 1421 1470 1502; x_wconf 87' lang='grc' dir='ltr'><em>κρίνει,</em></span> 
     </span>
     <span class='ocr_line' id='line_1_9' title="bbox 292 1526 1469 1611; baseline -0.003 -19"><span class='ocrx_word' id='word_1_67' title='bbox 292 1529 307 1592; x_wconf 90' lang='grc' dir='ltr'><em>ό</em></span> <span class='ocrx_word' id='word_1_68' title='bbox 338 1530 369 1594; x_wconf 83' lang='grc' dir='ltr'><strong>δὲ</strong></span> <span class='ocrx_word' id='word_1_69' title='bbox 398 1529 528 1611; x_wconf 84' lang='grc' dir='ltr'><em>φεόγον</em></span> <span class='ocrx_word' id='word_1_70' title='bbox 558 1529 706 1611; x_wconf 73' lang='grc' dir='ltr'><em>κρίνεται.</em></span> <span class='ocrx_word' id='word_1_71' title='bbox 753 1537 948 1608; x_wconf 83' lang='grc' dir='ltr'><em>Κατηγορεῖν</em></span> <span class='ocrx_word' id='word_1_72' title='bbox 967 1541 1024 1594; x_wconf 69' lang='lat' dir='ltr'><strong>‘est</strong></span> <span class='ocrx_word' id='word_1_73' title='bbox 1049 1532 1087 1593; x_wconf 84' lang='grc' dir='ltr'><strong>ιἰι</strong></span> <span class='ocrx_word' id='word_1_74' title='bbox 1106 1548 1199 1594; x_wconf 83' lang='lat' dir='ltr'><strong>reum</strong></span> <span class='ocrx_word' id='word_1_75' title='bbox 1220 1526 1349 1603; x_wconf 82' lang='lat' dir='ltr'><strong>dicere,</strong></span> <span class='ocrx_word' id='word_1_76' title='bbox 1373 1537 1406 1590; x_wconf 87' lang='lat' dir='ltr'><strong>et</strong></span> <span class='ocrx_word' id='word_1_77' title='bbox 1426 1527 1469 1590; x_wconf 81' lang='grc' dir='ltr'><em>τόι</em></span> 
     </span>
     <span class='ocr_line' id='line_1_10' title="bbox 292 1631 1473 1723; baseline -0.006 -25"><span class='ocrx_word' id='word_1_78' title='bbox 292 1633 539 1715; x_wconf 71' lang='grc' dir='ltr'><strong>κατηγορημένα</strong></span> <span class='ocrx_word' id='word_1_79' title='bbox 567 1645 643 1698; x_wconf 89' lang='lat' dir='ltr'><strong>sunt</strong></span> <span class='ocrx_word' id='word_1_80' title='bbox 670 1640 830 1713; x_wconf 73' lang='lat' dir='ltr'><strong>minino,</strong></span> <span class='ocrx_word' id='word_1_81' title='bbox 857 1655 939 1723; x_wconf 93' lang='lat' dir='ltr'><strong>quae</strong></span> <span class='ocrx_word' id='word_1_82' title='bbox 961 1645 1126 1700; x_wconf 80' lang='lat' dir='ltr'><strong>accusator</strong></span> <span class='ocrx_word' id='word_1_83' title='bbox 1144 1632 1280 1700; x_wconf 87' lang='lat' dir='ltr'><strong>dicendo</strong></span> <span class='ocrx_word' id='word_1_84' title='bbox 1300 1631 1473 1721; x_wconf 80' lang='lat' dir='ltr'><strong>explicuit:</strong></span> 
     </span>
     <span class='ocr_line' id='line_1_11' title="bbox 296 1737 1471 1828; baseline -0.004 -24"><span class='ocrx_word' id='word_1_85' title='bbox 296 1739 406 1828; x_wconf 88' lang='lat' dir='ltr'><strong>itaque</strong></span> <span class='ocrx_word' id='word_1_86' title='bbox 435 1739 541 1804; x_wconf 71' lang='lat' dir='ltr'><strong>Attice</strong></span> <span class='ocrx_word' id='word_1_87' title='bbox 571 1739 689 1805; x_wconf 89' lang='lat' dir='ltr'><strong>dicitur</strong></span> <span class='ocrx_word' id='word_1_88' title='bbox 716 1739 944 1821; x_wconf 83' lang='grc' dir='ltr'><em>κατηγορεῖταί</em></span> <span class='ocrx_word' id='word_1_89' title='bbox 968 1764 999 1805; x_wconf 91' lang='grc' dir='ltr'><em>τι</em></span> <span class='ocrx_word' id='word_1_90' title='bbox 1027 1741 1127 1826; x_wconf 87' lang='grc' dir='ltr'><em>τινός,</em></span> <span class='ocrx_word' id='word_1_91' title='bbox 1151 1761 1216 1806; x_wconf 91' lang='lat' dir='ltr'><strong>non</strong></span> <span class='ocrx_word' id='word_1_92' title='bbox 1245 1737 1471 1817; x_wconf 88' lang='grc' dir='ltr'><em>κατηγορεῖταί</em></span> 
     </span>
     <span class='ocr_line' id='line_1_12' title="bbox 296 1842 1471 1934; baseline -0.003 -24"><span class='ocrx_word' id='word_1_93' title='bbox 296 1868 361 1916; x_wconf 76' lang='grc' dir='ltr'><em>τιςε</em></span> <span class='ocrx_word' id='word_1_94' title='bbox 391 1845 424 1908; x_wconf 91' lang='lat' dir='ltr'><strong>in</strong></span> <span class='ocrx_word' id='word_1_95' title='bbox 444 1842 581 1908; x_wconf 85' lang='lat' dir='ltr'><strong>comitiis</strong></span> <span class='ocrx_word' id='word_1_96' title='bbox 599 1844 657 1934; x_wconf 89' lang='lat' dir='ltr'><strong>qui</strong></span> <span class='ocrx_word' id='word_1_97' title='bbox 675 1845 860 1934; x_wconf 72' lang='lat' dir='ltr'><strong>suffragium</strong></span> <span class='ocrx_word' id='word_1_98' title='bbox 879 1845 989 1910; x_wconf 85' lang='lat' dir='ltr'><strong>lerunt</strong></span> <span class='ocrx_word' id='word_1_99' title='bbox 1008 1847 1202 1929; x_wconf 88' lang='grc' dir='ltr'><em>ψηφίζεσθαι</em></span> <span class='ocrx_word' id='word_1_100' title='bbox 1221 1843 1391 1920; x_wconf 87' lang='lat' dir='ltr'><strong>dicuntur,</strong></span> <span class='ocrx_word' id='word_1_101' title='bbox 1414 1842 1471 1931; x_wconf 89' lang='lat' dir='ltr'><strong>qui</strong></span> 
     </span>
     <span class='ocr_line' id='line_1_13' title="bbox 297 1949 1471 2041; baseline -0.003 -26"><span class='ocrx_word' id='word_1_102' title='bbox 297 1949 399 2015; x_wconf 88' lang='lat' dir='ltr'><strong>mittit</strong></span> <span class='ocrx_word' id='word_1_103' title='bbox 416 1950 450 2014; x_wconf 92' lang='lat' dir='ltr'><strong>in</strong></span> <span class='ocrx_word' id='word_1_104' title='bbox 471 1950 654 2038; x_wconf 80' lang='lat' dir='ltr'><strong>suffragium</strong></span> <span class='ocrx_word' id='word_1_105' title='bbox 677 1950 719 2016; x_wconf 89' lang='lat' dir='ltr'><strong>de</strong></span> <span class='ocrx_word' id='word_1_106' title='bbox 737 1951 846 2041; x_wconf 92' lang='lat' dir='ltr'><strong>aliqua</strong></span> <span class='ocrx_word' id='word_1_107' title='bbox 864 1972 899 2016; x_wconf 88' lang='lat' dir='ltr'><strong>rc</strong></span> <span class='ocrx_word' id='word_1_108' title='bbox 919 1949 1036 2017; x_wconf 87' lang='lat' dir='ltr'><strong>dicitur</strong></span> <span class='ocrx_word' id='word_1_109' title='bbox 1055 1956 1146 2017; x_wconf 83' lang='grc' dir='ltr'><em>τοῦτο</em></span> <span class='ocrx_word' id='word_1_110' title='bbox 1166 1949 1387 2031; x_wconf 76' lang='grc' dir='ltr'><em>ἐπιψηφίζειν,</em></span> <span class='ocrx_word' id='word_1_111' title='bbox 1415 1949 1471 2036; x_wconf 88' lang='lat' dir='ltr'><strong>qui</strong></span> 
     </span>
     <span class='ocr_line' id='line_1_14' title="bbox 296 2052 1471 2146; baseline -0.003 -27"><span class='ocrx_word' id='word_1_112' title='bbox 296 2054 455 2146; x_wconf 90' lang='lat' dir='ltr'><strong>populum</strong></span> <span class='ocrx_word' id='word_1_113' title='bbox 482 2053 515 2118; x_wconf 90' lang='lat' dir='ltr'><strong>in</strong></span> <span class='ocrx_word' id='word_1_114' title='bbox 544 2055 728 2143; x_wconf 79' lang='lat' dir='ltr'><strong>suffragium</strong></span> <span class='ocrx_word' id='word_1_115' title='bbox 758 2056 859 2122; x_wconf 89' lang='lat' dir='ltr'><strong>mittit</strong></span> <span class='ocrx_word' id='word_1_116' title='bbox 887 2056 1000 2122; x_wconf 75' lang='grc' dir='ltr'><em>διδόναι</em></span> <span class='ocrx_word' id='word_1_117' title='bbox 1029 2057 1085 2130; x_wconf 78' lang='grc' dir='ltr'><strong>τήν</strong></span> <span class='ocrx_word' id='word_1_118' title='bbox 1110 2061 1233 2138; x_wconf 80' lang='grc' dir='ltr'><em>ψήφονέ</em></span> <span class='ocrx_word' id='word_1_119' title='bbox 1257 2054 1341 2119; x_wconf 84' lang='lat' dir='ltr'><strong>cites</strong></span> <span class='ocrx_word' id='word_1_120' title='bbox 1360 2052 1417 2141; x_wconf 83' lang='lat' dir='ltr'><strong>qui</strong></span> <span class='ocrx_word' id='word_1_121' title='bbox 1438 2053 1471 2117; x_wconf 91' lang='lat' dir='ltr'><strong>in</strong></span> 
     </span>
     <span class='ocr_line' id='line_1_15' title="bbox 296 2158 1471 2251; baseline -0.003 -25"><span class='ocrx_word' id='word_1_122' title='bbox 296 2160 436 2226; x_wconf 84' lang='lat' dir='ltr'><strong>comitiis</strong></span> <span class='ocrx_word' id='word_1_123' title='bbox 467 2170 541 2224; x_wconf 90' lang='lat' dir='ltr'><strong>sunt</strong></span> <span class='ocrx_word' id='word_1_124' title='bbox 567 2161 773 2250; x_wconf 89' lang='lat' dir='ltr'><strong>appellantur</strong></span> <span class='ocrx_word' id='word_1_125' title='bbox 798 2163 825 2226; x_wconf 90' lang='grc' dir='ltr'><strong>οί</strong></span> <span class='ocrx_word' id='word_1_126' title='bbox 854 2159 1123 2243; x_wconf 83' lang='grc' dir='ltr'><em>ἐκκλησιάζοντες.</em></span> <span class='ocrx_word' id='word_1_127' title='bbox 1173 2158 1268 2251; x_wconf 72' lang='lat' dir='ltr'><strong>Apud</strong></span> <span class='ocrx_word' id='word_1_128' title='bbox 1292 2161 1471 2226; x_wconf 78' lang='lat' dir='ltr'><strong>Luctasuu</strong></span> 
     </span>
     <span class='ocr_line' id='line_1_16' title="bbox 295 2263 1469 2348; baseline 0 -18"><span class='ocrx_word' id='word_1_129' title='bbox 295 2264 392 2330; x_wconf 85' lang='lat' dir='ltr'><strong>iudex</strong></span> <span class='ocrx_word' id='word_1_130' title='bbox 425 2263 545 2329; x_wconf 88' lang='lat' dir='ltr'><strong>dicitur</strong></span> <span class='ocrx_word' id='word_1_131' title='bbox 578 2270 776 2348; x_wconf 86' lang='grc' dir='ltr'><em>ψηφοφορεῖν</em></span> <span class='ocrx_word' id='word_1_132' title='bbox 810 2268 873 2345; x_wconf 78' lang='grc'><em>15,</em></span> <span class='ocrx_word' id='word_1_133' title='bbox 905 2269 950 2332; x_wconf 81' lang='lat'><strong>24</strong></span> <span class='ocrx_word' id='word_1_134' title='bbox 979 2267 1005 2330; x_wconf 88' lang='grc' dir='ltr'><strong>οί</strong></span> <span class='ocrx_word' id='word_1_135' title='bbox 1040 2265 1140 2332; x_wconf 78' lang='grc' dir='ltr'><em>λοιποί</em></span> <span class='ocrx_word' id='word_1_136' title='bbox 1183 2264 1469 2347; x_wconf 76' lang='grc' dir='ltr'><em>ψηφοφορείτωσαν</em></span> 
     </span>
     <span class='ocr_line' id='line_1_17' title="bbox 289 2364 1468 2452; baseline -0.006 -15"><span class='ocrx_word' id='word_1_137' title='bbox 289 2374 364 2451; x_wconf 70' lang='grc' dir='ltr'><em>’μεθ’</em></span> <span class='ocrx_word' id='word_1_138' title='bbox 389 2374 472 2449; x_wconf 76' lang='grc' dir='ltr'><em>ὑμῶν</em></span> <span class='ocrx_word' id='word_1_139' title='bbox 503 2381 537 2436; x_wconf 90' lang='lat' dir='ltr'><strong>et</strong></span> <span class='ocrx_word' id='word_1_140' title='bbox 561 2374 624 2449; x_wconf 81' lang='lat'><strong>35,</strong></span> <span class='ocrx_word' id='word_1_141' title='bbox 648 2373 669 2433; x_wconf 93' lang='grc'><strong>2</strong></span> <span class='ocrx_word' id='word_1_142' title='bbox 694 2371 821 2440; x_wconf 77' lang='grc' dir='ltr'><em>δικαςαὶ</em></span> <span class='ocrx_word' id='word_1_143' title='bbox 849 2375 1107 2452; x_wconf 80' lang='grc' dir='ltr'><em>ψηφοφοροῦντες</em></span> <span class='ocrx_word' id='word_1_144' title='bbox 1132 2364 1211 2442; x_wconf 87' lang='grc' dir='ltr'><em>ήσαν</em></span> <span class='ocrx_word' id='word_1_145' title='bbox 1238 2371 1264 2434; x_wconf 87' lang='lat' dir='ltr'><strong>oi</strong></span> <span class='ocrx_word' id='word_1_146' title='bbox 1287 2367 1385 2449; x_wconf 79' lang='grc' dir='ltr'><em>ἀριςοι</em></span> <span class='ocrx_word' id='word_1_147' title='bbox 1408 2373 1468 2431; x_wconf 78' lang='grc' dir='ltr'><strong>τῶν</strong></span> 
     </span>
     <span class='ocr_line' id='line_1_18' title="bbox 295 2470 1469 2555; baseline -0.003 -16"><span class='ocrx_word' id='word_1_148' title='bbox 295 2477 329 2540; x_wconf 74' lang='grc' dir='ltr'><strong>ἐν</strong></span> <span class='ocrx_word' id='word_1_149' title='bbox 361 2483 401 2555; x_wconf 77' lang='grc' dir='ltr'><strong>πή</strong></span> <span class='ocrx_word' id='word_1_150' title='bbox 435 2472 525 2538; x_wconf 87' lang='grc' dir='ltr'><em>πόλει</em></span> <span class='ocrx_word' id='word_1_151' title='bbox 555 2485 588 2538; x_wconf 85' lang='lat' dir='ltr'><strong>ct</strong></span> <span class='ocrx_word' id='word_1_152' title='bbox 614 2477 672 2552; x_wconf 72' lang='lat'><strong>47,</strong></span> <span class='ocrx_word' id='word_1_153' title='bbox 696 2476 739 2537; x_wconf 80' lang='lat'><strong>18</strong></span> <span class='ocrx_word' id='word_1_154' title='bbox 759 2475 804 2552; x_wconf 81' lang='grc' dir='ltr'><strong>μή</strong></span> <span class='ocrx_word' id='word_1_155' title='bbox 832 2473 992 2551; x_wconf 75' lang='grc' dir='ltr'><em>μέλλετε,</em></span> <span class='ocrx_word' id='word_1_156' title='bbox 1016 2473 1288 2554; x_wconf 73' lang='grc' dir='ltr'><em>ψηφοφορήσατε,</em></span> <span class='ocrx_word' id='word_1_157' title='bbox 1310 2470 1469 2550; x_wconf 83' lang='grc' dir='ltr'><em>ἀνάςητε,</em></span> 
     </span>
     <span class='ocr_line' id='line_1_19' title="bbox 293 2559 1469 2664; baseline -0.003 -20"><span class='ocrx_word' id='word_1_158' title='bbox 293 2577 348 2644; x_wconf 81' lang='grc' dir='ltr'><strong>καὶ</strong></span> <span class='ocrx_word' id='word_1_159' title='bbox 381 2574 494 2648; x_wconf 86' lang='grc' dir='ltr'><em>ἀλλοις</em></span> <span class='ocrx_word' id='word_1_160' title='bbox 523 2577 585 2659; x_wconf 78' lang='grc' dir='ltr'><strong>χρή</strong></span> <span class='ocrx_word' id='word_1_161' title='bbox 619 2575 775 2658; x_wconf 83' lang='grc' dir='ltr'><em>δικάζειν,</em></span> <span class='ocrx_word' id='word_1_162' title='bbox 799 2586 886 2641; x_wconf 88' lang='lat' dir='ltr'><strong>recte</strong></span> <span class='ocrx_word' id='word_1_163' title='bbox 908 2559 991 2664; x_wconf 77' lang='lat'><strong>§20&#39;</strong></span> <span class='ocrx_word' id='word_1_164' title='bbox 1007 2575 1192 2656; x_wconf 83' lang='grc' dir='ltr'><em>ψηφίσασθε</em></span> <span class='ocrx_word' id='word_1_165' title='bbox 1218 2575 1272 2650; x_wconf 84' lang='grc' dir='ltr'><strong>ήδη</strong></span> <span class='ocrx_word' id='word_1_166' title='bbox 1296 2574 1339 2639; x_wconf 85' lang='grc' dir='ltr'><em>τά</em></span> <span class='ocrx_word' id='word_1_167' title='bbox 1359 2575 1469 2657; x_wconf 80' lang='grc' dir='ltr'><em>εὔορκα</em></span> 
     </span>
     <span class='ocr_line' id='line_1_20' title="bbox 295 2677 1469 2771; baseline -0.003 -23"><span class='ocrx_word' id='word_1_168' title='bbox 295 2704 334 2748; x_wconf 85' lang='lat' dir='ltr'><strong>ex</strong></span> <span class='ocrx_word' id='word_1_169' title='bbox 364 2679 585 2746; x_wconf 74' lang='lat' dir='ltr'><strong>Iluntosruttttu</strong></span> <span class='ocrx_word' id='word_1_170' title='bbox 614 2705 646 2771; x_wconf 88' lang='lat' dir='ltr'><strong>p.</strong></span> <span class='ocrx_word' id='word_1_171' title='bbox 671 2685 757 2760; x_wconf 85' lang='lat'><strong>605,</strong></span> <span class='ocrx_word' id='word_1_172' title='bbox 787 2685 830 2747; x_wconf 89' lang='grc'><strong>20</strong></span> <span class='ocrx_word' id='word_1_173' title='bbox 852 2681 895 2746; x_wconf 86' lang='grc' dir='ltr'><em>τά</em></span> <span class='ocrx_word' id='word_1_174' title='bbox 923 2679 1035 2761; x_wconf 81' lang='grc' dir='ltr'><em>εὔορκα</em></span> <span class='ocrx_word' id='word_1_175' title='bbox 1058 2677 1164 2744; x_wconf 80' lang='grc' dir='ltr'><em>ἔσεσθε</em></span> <span class='ocrx_word' id='word_1_176' title='bbox 1188 2678 1412 2760; x_wconf 81' lang='grc' dir='ltr'><em>ἐψηφισμένοι,</em></span> <span class='ocrx_word' id='word_1_177' title='bbox 1436 2691 1469 2745; x_wconf 85' lang='lat' dir='ltr'><strong>at</strong></span> 
     </span>
     <span class='ocr_line' id='line_1_21' title="bbox 293 2784 1467 2874; baseline -0.003 -20"><span class='ocrx_word' id='word_1_178' title='bbox 293 2786 379 2854; x_wconf 87' lang='lat' dir='ltr'><strong>malo</strong></span> <span class='ocrx_word' id='word_1_179' title='bbox 406 2792 424 2874; x_wconf 90' lang='lat'>§</span> <span class='ocrx_word' id='word_1_180' title='bbox 444 2789 484 2850; x_wconf 95' lang='grc'><strong>21</strong></span> <span class='ocrx_word' id='word_1_181' title='bbox 506 2784 624 2867; x_wconf 87' lang='grc' dir='ltr'><em>ε’ίρηκα.</em></span> <span class='ocrx_word' id='word_1_182' title='bbox 651 2787 741 2864; x_wconf 80' lang='grc' dir='ltr'><em>ὑμεῖς</em></span> <span class='ocrx_word' id='word_1_183' title='bbox 765 2787 791 2852; x_wconf 86' lang='grc' dir='ltr'><strong>δ’</strong></span> <span class='ocrx_word' id='word_1_184' title='bbox 817 2786 868 2850; x_wconf 80' lang='grc' dir='ltr'><strong>ἐπὶ</strong></span> <span class='ocrx_word' id='word_1_185' title='bbox 894 2784 1014 2856; x_wconf 76' lang='grc' dir='ltr'><em>τούτοις</em></span> <span class='ocrx_word' id='word_1_186' title='bbox 1038 2785 1308 2866; x_wconf 87' lang='grc' dir='ltr'><em>ψηφοφορήσατε,</em></span> <span class='ocrx_word' id='word_1_187' title='bbox 1331 2794 1362 2848; x_wconf 92' lang='lat' dir='ltr'><strong>et</strong></span> <span class='ocrx_word' id='word_1_188' title='bbox 1383 2785 1401 2867; x_wconf 89' lang='lat'>§</span> <span class='ocrx_word' id='word_1_189' title='bbox 1425 2788 1467 2850; x_wconf 82' lang='lat'><strong>22</strong></span> 
     </span>
     <span class='ocr_line' id='line_1_22' title="bbox 293 2888 1465 2973; baseline 0.001 -16"><span class='ocrx_word' id='word_1_190' title='bbox 293 2891 431 2973; x_wconf 76' lang='grc' dir='ltr'><em>ἡσυχίαν</em></span> <span class='ocrx_word' id='word_1_191' title='bbox 450 2889 563 2969; x_wconf 89' lang='grc' dir='ltr'><em>ἀγετε.</em></span> <span class='ocrx_word' id='word_1_192' title='bbox 583 2892 843 2973; x_wconf 89' lang='grc' dir='ltr'><em>ψηφοφορήσονσι</em></span> <span class='ocrx_word' id='word_1_193' title='bbox 866 2890 942 2973; x_wconf 87' lang='grc' dir='ltr'><strong>γάρ.</strong></span> <span class='ocrx_word' id='word_1_194' title='bbox 991 2888 1234 2956; x_wconf 75' lang='grc' dir='ltr'><em>Εἰιιεθοονικοθί</em></span> <span class='ocrx_word' id='word_1_195' title='bbox 1251 2889 1326 2955; x_wconf 81' lang='lat' dir='ltr'><strong>vitia</strong></span> <span class='ocrx_word' id='word_1_196' title='bbox 1346 2888 1465 2958; x_wconf 82' lang='lat' dir='ltr'><strong>ibidem</strong></span> 
     </span>
     <span class='ocr_line' id='line_1_23' title="bbox 293 2994 1467 3087; baseline -0.004 -21"><span class='ocrx_word' id='word_1_197' title='bbox 293 3000 368 3066; x_wconf 83' lang='lat' dir='ltr'><strong>sunt</strong></span> <span class='ocrx_word' id='word_1_198' title='bbox 401 3000 420 3083; x_wconf 87' lang='lat'>§</span> <span class='ocrx_word' id='word_1_199' title='bbox 460 2999 500 3060; x_wconf 89' lang='grc'><strong>12</strong></span> <span class='ocrx_word' id='word_1_200' title='bbox 530 2997 713 3076; x_wconf 76' lang='grc' dir='ltr'><em>ἀποθέμενοι</em></span> <span class='ocrx_word' id='word_1_201' title='bbox 743 2998 872 3077; x_wconf 91' lang='grc' dir='ltr'><em>γραφήν</em></span> <span class='ocrx_word' id='word_1_202' title='bbox 902 3019 962 3087; x_wconf 90' lang='lat' dir='ltr'><strong>pro</strong></span> <span class='ocrx_word' id='word_1_203' title='bbox 989 2994 1231 3078; x_wconf 70' lang='grc' dir='ltr'><em>ἀπενεγκόντας.</em></span> <span class='ocrx_word' id='word_1_204' title='bbox 1267 2997 1285 3079; x_wconf 88' lang='lat'>§</span> <span class='ocrx_word' id='word_1_205' title='bbox 1309 2999 1349 3060; x_wconf 82' lang='lat'><strong>13</strong></span> <span class='ocrx_word' id='word_1_206' title='bbox 1379 2997 1467 3062; x_wconf 79' lang='grc' dir='ltr'><em>ἐννέα</em></span> 
     </span>
     <span class='ocr_line' id='line_1_24' title="bbox 292 3097 1467 3192; baseline -0.003 -23"><span class='ocrx_word' id='word_1_207' title='bbox 292 3102 486 3186; x_wconf 83' lang='grc' dir='ltr'><em>κρινάτιισαν</em></span> <span class='ocrx_word' id='word_1_208' title='bbox 508 3121 567 3192; x_wconf 89' lang='lat' dir='ltr'><strong>pro</strong></span> <span class='ocrx_word' id='word_1_209' title='bbox 585 3100 817 3190; x_wconf 65' lang='grc' dir='ltr'><em>δικαζόντων.ς</em></span> <span class='ocrx_word' id='word_1_210' title='bbox 842 3105 883 3166; x_wconf 81' lang='grc'><strong>14</strong></span> <span class='ocrx_word' id='word_1_211' title='bbox 902 3097 998 3167; x_wconf 78' lang='grc' dir='ltr'><em>αὗται</em></span> <span class='ocrx_word' id='word_1_212' title='bbox 1017 3100 1049 3165; x_wconf 81' lang='grc' dir='ltr'><strong>δὲ</strong></span> <span class='ocrx_word' id='word_1_213' title='bbox 1075 3099 1120 3188; x_wconf 81' lang='grc' dir='ltr'><em>(αἱ</em></span> <span class='ocrx_word' id='word_1_214' title='bbox 1141 3099 1282 3188; x_wconf 75' lang='grc' dir='ltr'><em>γραφαὶ)</em></span> <span class='ocrx_word' id='word_1_215' title='bbox 1307 3101 1341 3172; x_wconf 76' lang='grc' dir='ltr'><em>ἐς</em></span> <span class='ocrx_word' id='word_1_216' title='bbox 1363 3097 1467 3181; x_wconf 75' lang='grc' dir='ltr'><em>ι’ίςερον</em></span> 
     </span>
     <span class='ocr_line' id='line_1_25' title="bbox 292 3204 1465 3294; baseline -0.002 -19"><span class='ocrx_word' id='word_1_217' title='bbox 292 3205 526 3279; x_wconf 73' lang='grc' dir='ltr'><em>δεδικάσονται,</em></span> <span class='ocrx_word' id='word_1_218' title='bbox 540 3206 696 3273; x_wconf 86' lang='lat' dir='ltr'><strong>Graecum</strong></span> <span class='ocrx_word' id='word_1_219' title='bbox 709 3217 757 3271; x_wconf 83' lang='lat' dir='ltr'><strong>est</strong></span> <span class='ocrx_word' id='word_1_220' title='bbox 766 3205 937 3289; x_wconf 75' lang='grc' dir='ltr'><em>ἐκδικάζειν</em></span> <span class='ocrx_word' id='word_1_221' title='bbox 949 3205 1050 3280; x_wconf 88' lang='grc' dir='ltr'><em>δίκην,</em></span> <span class='ocrx_word' id='word_1_222' title='bbox 1067 3204 1177 3294; x_wconf 85' lang='lat' dir='ltr'><strong>itaque</strong></span> <span class='ocrx_word' id='word_1_223' title='bbox 1191 3205 1465 3281; x_wconf 87' lang='grc' dir='ltr'><em>εἰιδικασθήσονται</em></span> 
     </span>
     <span class='ocr_line' id='line_1_26' title="bbox 291 3309 1468 3403; baseline -0.002 -22"><span class='ocrx_word' id='word_1_224' title='bbox 291 3314 444 3403; x_wconf 86' lang='lat' dir='ltr'><strong>scriptum</strong></span> <span class='ocrx_word' id='word_1_225' title='bbox 473 3312 622 3401; x_wconf 86' lang='lat' dir='ltr'><strong>oportuit.</strong></span> <span class='ocrx_word' id='word_1_226' title='bbox 642 3317 671 3400; x_wconf 70' lang='lat'><strong>·§</strong></span> <span class='ocrx_word' id='word_1_227' title='bbox 696 3316 740 3378; x_wconf 83' lang='lat'><strong>33</strong></span> <span class='ocrx_word' id='word_1_228' title='bbox 768 3309 932 3377; x_wconf 84' lang='grc' dir='ltr'><em>διπλάσιον</em></span> <span class='ocrx_word' id='word_1_229' title='bbox 964 3309 1161 3389; x_wconf 87' lang='grc' dir='ltr'><em>ἀποισόμενοι</em></span> <span class='ocrx_word' id='word_1_230' title='bbox 1193 3310 1246 3375; x_wconf 79' lang='grc' dir='ltr'><strong>τόν</strong></span> <span class='ocrx_word' id='word_1_231' title='bbox 1276 3314 1390 3388; x_wconf 86' lang='grc' dir='ltr'><em>μισθδν-</em></span> <span class='ocrx_word' id='word_1_232' title='bbox 1415 3315 1468 3379; x_wconf 75' lang='grc' dir='ltr'><strong>ἐπ’</strong></span> 
     </span>
     <span class='ocr_line' id='line_1_27' title="bbox 292 3415 1465 3498; baseline 0.001 -15"><span class='ocrx_word' id='word_1_233' title='bbox 292 3415 489 3498; x_wconf 73' lang='grc' dir='ltr'><em>ἀμφοτέραις</em></span> <span class='ocrx_word' id='word_1_234' title='bbox 521 3424 593 3486; x_wconf 91' lang='grc' dir='ltr'><em>ταῖς</em></span> <span class='ocrx_word' id='word_1_235' title='bbox 621 3416 740 3490; x_wconf 89' lang='grc' dir='ltr'><em>δίκαις,</em></span> <span class='ocrx_word' id='word_1_236' title='bbox 774 3417 968 3482; x_wconf 68' lang='lat' dir='ltr'><strong>veterescit</strong></span> <span class='ocrx_word' id='word_1_237' title='bbox 990 3417 1097 3493; x_wconf 81' lang='grc' dir='ltr'><em>μισθόν</em></span> <span class='ocrx_word' id='word_1_238' title='bbox 1123 3415 1228 3497; x_wconf 80' lang='grc' dir='ltr'><em>φέρειν</em></span> <span class='ocrx_word' id='word_1_239' title='bbox 1249 3415 1377 3493; x_wconf 88' lang='lat' dir='ltr'><strong>dicunt,</strong></span> <span class='ocrx_word' id='word_1_240' title='bbox 1400 3441 1465 3484; x_wconf 90' lang='lat' dir='ltr'><strong>non</strong></span> 
     </span>
     <span class='ocr_line' id='line_1_28' title="bbox 290 3517 1463 3608; baseline 0.002 -23"><span class='ocrx_word' id='word_1_241' title='bbox 290 3519 458 3603; x_wconf 76' lang='grc' dir='ltr'><em>φέρεσθαι,</em></span> <span class='ocrx_word' id='word_1_242' title='bbox 487 3529 522 3581; x_wconf 85' lang='lat' dir='ltr'><strong>et</strong></span> <span class='ocrx_word' id='word_1_243' title='bbox 547 3518 581 3582; x_wconf 91' lang='lat' dir='ltr'><strong>in</strong></span> <span class='ocrx_word' id='word_1_244' title='bbox 601 3522 620 3604; x_wconf 83' lang='lat'>§</span> <span class='ocrx_word' id='word_1_245' title='bbox 642 3524 684 3585; x_wconf 82' lang='lat'><strong>35</strong></span> <span class='ocrx_word' id='word_1_246' title='bbox 711 3519 790 3585; x_wconf 79' lang='grc' dir='ltr'><em>δέκα</em></span> <span class='ocrx_word' id='word_1_247' title='bbox 807 3517 824 3584; x_wconf 86' lang='grc' dir='ltr'><em>ό</em></span> <span class='ocrx_word' id='word_1_248' title='bbox 828 3527 920 3592; x_wconf 87' lang='grc' dir='ltr'><em>λαις</em></span> <span class='ocrx_word' id='word_1_249' title='bbox 945 3527 1070 3600; x_wconf 84' lang='grc' dir='ltr'><em>κρατεῖς</em></span> <span class='ocrx_word' id='word_1_250' title='bbox 1091 3519 1159 3582; x_wconf 90' lang='lat' dir='ltr'><strong>sine</strong></span> <span class='ocrx_word' id='word_1_251' title='bbox 1177 3519 1324 3608; x_wconf 82' lang='lat' dir='ltr'><strong>exemplo</strong></span> <span class='ocrx_word' id='word_1_252' title='bbox 1343 3519 1463 3586; x_wconf 90' lang='lat' dir='ltr'><strong>dictum</strong></span> 
     </span>
     <span class='ocr_line' id='line_1_29' title="bbox 292 3622 1464 3715; baseline 0 -23"><span class='ocrx_word' id='word_1_253' title='bbox 292 3638 342 3692; x_wconf 84' lang='lat' dir='ltr'><strong>est</strong></span> <span class='ocrx_word' id='word_1_254' title='bbox 361 3637 394 3691; x_wconf 90' lang='lat' dir='ltr'><strong>et</strong></span> <span class='ocrx_word' id='word_1_255' title='bbox 414 3622 497 3688; x_wconf 87' lang='lat' dir='ltr'><strong>nihil</strong></span> <span class='ocrx_word' id='word_1_256' title='bbox 518 3623 692 3713; x_wconf 75' lang='lat' dir='ltr'><strong>significat,</strong></span> <span class='ocrx_word' id='word_1_257' title='bbox 717 3636 753 3689; x_wconf 91' lang='lat' dir='ltr'><strong>ut</strong></span> <span class='ocrx_word' id='word_1_258' title='bbox 774 3636 960 3715; x_wconf 86' lang='lat' dir='ltr'><strong>corruptum</strong></span> <span class='ocrx_word' id='word_1_259' title='bbox 978 3644 1047 3687; x_wconf 84' lang='lat' dir='ltr'><strong>esse</strong></span> <span class='ocrx_word' id='word_1_260' title='bbox 1068 3623 1215 3714; x_wconf 82' lang='lat' dir='ltr'><strong>suspicer.</strong></span> <span class='ocrx_word' id='word_1_261' title='bbox 1263 3625 1363 3690; x_wconf 86' lang='lat' dir='ltr'><strong>Recte</strong></span> <span class='ocrx_word' id='word_1_262' title='bbox 1382 3631 1400 3714; x_wconf 84' lang='lat'>§</span> <span class='ocrx_word' id='word_1_263' title='bbox 1424 3628 1464 3692; x_wconf 85' lang='grc'><strong>18</strong></span> 
     </span>
     <span class='ocr_line' id='line_1_30' title="bbox 289 3728 1463 3820; baseline 0 -22"><span class='ocrx_word' id='word_1_264' title='bbox 289 3730 412 3801; x_wconf 87' lang='grc' dir='ltr'><em>πάσαις</em></span> <span class='ocrx_word' id='word_1_265' title='bbox 438 3739 551 3810; x_wconf 91' lang='grc' dir='ltr'><em>κρατεῖ</em></span> <span class='ocrx_word' id='word_1_266' title='bbox 576 3743 609 3796; x_wconf 95' lang='lat' dir='ltr'><strong>et</strong></span> <span class='ocrx_word' id='word_1_267' title='bbox 634 3728 698 3796; x_wconf 88' lang='grc' dir='ltr'><em>όλοι</em></span> <span class='ocrx_word' id='word_1_268' title='bbox 727 3753 787 3820; x_wconf 84' lang='lat' dir='ltr'><strong>pro</strong></span> <span class='ocrx_word' id='word_1_269' title='bbox 808 3731 927 3801; x_wconf 86' lang='grc' dir='ltr'><em>πάντες</em></span> <span class='ocrx_word' id='word_1_270' title='bbox 954 3728 1183 3794; x_wconf 86' lang='lat' dir='ltr'><strong>abiectissimae</strong></span> <span class='ocrx_word' id='word_1_271' title='bbox 1210 3731 1318 3794; x_wconf 80' lang='lat' dir='ltr'><strong>aetatis</strong></span> <span class='ocrx_word' id='word_1_272' title='bbox 1340 3743 1404 3810; x_wconf 88' lang='lat' dir='ltr'><strong>est,</strong></span> <span class='ocrx_word' id='word_1_273' title='bbox 1430 3743 1463 3798; x_wconf 90' lang='lat' dir='ltr'><strong>ut</strong></span> 
     </span>
     <span class='ocr_line' id='line_1_31' title="bbox 291 3833 1462 3926; baseline 0 -24"><span class='ocrx_word' id='word_1_274' title='bbox 291 3842 357 3904; x_wconf 81' lang='lat' dir='ltr'><strong>toti</strong></span> <span class='ocrx_word' id='word_1_275' title='bbox 382 3857 442 3926; x_wconf 90' lang='lat' dir='ltr'><strong>pro</strong></span> <span class='ocrx_word' id='word_1_276' title='bbox 470 3858 581 3902; x_wconf 80' lang='grc' dir='ltr'><em>ονιινιοε</em></span> <span class='ocrx_word' id='word_1_277' title='bbox 601 3835 783 3902; x_wconf 74' lang='lat' dir='ltr'><strong>Latinitatis</strong></span> <span class='ocrx_word' id='word_1_278' title='bbox 807 3847 855 3902; x_wconf 88' lang='lat' dir='ltr'><strong>est</strong></span> <span class='ocrx_word' id='word_1_279' title='bbox 876 3834 1057 3924; x_wconf 85' lang='lat' dir='ltr'><strong>decrepitae</strong></span> <span class='ocrx_word' id='word_1_280' title='bbox 1077 3846 1110 3900; x_wconf 93' lang='lat' dir='ltr'><strong>et</strong></span> <span class='ocrx_word' id='word_1_281' title='bbox 1132 3833 1305 3902; x_wconf 88' lang='lat' dir='ltr'><strong>delirantis.</strong></span> <span class='ocrx_word' id='word_1_282' title='bbox 1352 3841 1462 3918; x_wconf 80' lang='grc' dir='ltr'><em>Ψηφι-</em></span> 
     </span>
     <span class='ocr_line' id='line_1_32' title="bbox 288 3941 1468 4031; baseline 0.002 -25"><span class='ocrx_word' id='word_1_283' title='bbox 288 3948 396 4026; x_wconf 89' lang='grc' dir='ltr'><em>φορεῖν</em></span> <span class='ocrx_word' id='word_1_284' title='bbox 425 3943 709 4031; x_wconf 76' lang='grc' dir='ltr'><em>ρτοψηφίζεσθαι</em></span> <span class='ocrx_word' id='word_1_285' title='bbox 739 3943 850 4010; x_wconf 86' lang='lat' dir='ltr'><strong>eadem</strong></span> <span class='ocrx_word' id='word_1_286' title='bbox 881 3941 1242 4030; x_wconf 70' lang='lat' dir='ltr'><strong>negligentia&#39;positum</strong></span> <span class='ocrx_word' id='word_1_287' title='bbox 1271 3952 1317 4007; x_wconf 87' lang='lat' dir='ltr'><strong>est</strong></span> <span class='ocrx_word' id='word_1_288' title='bbox 1345 3949 1383 4022; x_wconf 79' lang='lat'><strong>5,</strong></span> <span class='ocrx_word' id='word_1_289' title='bbox 1409 3946 1468 4020; x_wconf 69' lang='grc' dir='ltr'><strong>56.Ι</strong></span> 
     </span>
     <span class='ocr_line' id='line_1_33' title="bbox 288 4035 1462 4142; baseline 0.001 -29"><span class='ocrx_word' id='word_1_290' title='bbox 288 4048 303 4113; x_wconf 88' lang='grc' dir='ltr'><em>ό</em></span> <span class='ocrx_word' id='word_1_291' title='bbox 330 4051 466 4120; x_wconf 72' lang='grc' dir='ltr'><em>πλοῦτος</em></span> <span class='ocrx_word' id='word_1_292' title='bbox 489 4047 503 4110; x_wconf 87' lang='grc' dir='ltr'><em>ό</em></span> <span class='ocrx_word' id='word_1_293' title='bbox 527 4048 623 4124; x_wconf 80' lang='grc' dir='ltr'><em>ἐμὸς,</em></span> <span class='ocrx_word' id='word_1_294' title='bbox 653 4046 686 4114; x_wconf 85' lang='grc' dir='ltr'><strong>όν</strong></span> <span class='ocrx_word' id='word_1_295' title='bbox 707 4052 763 4114; x_wconf 80' lang='grc' dir='ltr'><em>οὐκ</em></span> <span class='ocrx_word' id='word_1_296' title='bbox 791 4049 1000 4124; x_wconf 55' lang='lat' dir='ltr'><strong>consecracio</strong></span> <span class='ocrx_word' id='word_1_297' title='bbox 1026 4035 1260 4129; x_wconf 62' lang='lat' dir='ltr'><strong>brunonem</strong></span> <span class='ocrx_word' id='word_1_298' title='bbox 1283 4047 1462 4142; x_wconf 74' lang='grc' dir='ltr'><em>ἀφελέσθαι</em></span> 
     </span>
     <span class='ocr_line' id='line_1_34' title="bbox 289 4150 1462 4242; baseline -0.001 -23"><span class='ocrx_word' id='word_1_299' title='bbox 289 4152 407 4219; x_wconf 77' lang='grc' dir='ltr'><em>δύναιτ’</em></span> <span class='ocrx_word' id='word_1_300' title='bbox 428 4150 478 4216; x_wconf 89' lang='grc' dir='ltr'><strong>ἀν.</strong></span> <span class='ocrx_word' id='word_1_301' title='bbox 506 4151 577 4217; x_wconf 81' lang='lat' dir='ltr'><strong>&#39;Ne</strong></span> <span class='ocrx_word' id='word_1_302' title='bbox 598 4154 809 4228; x_wconf 81' lang='grc' dir='ltr'><em>ἐκκλησιαςής</em></span> <span class='ocrx_word' id='word_1_303' title='bbox 830 4151 960 4241; x_wconf 90' lang='lat' dir='ltr'><strong>quidem</strong></span> <span class='ocrx_word' id='word_1_304' title='bbox 982 4152 1056 4216; x_wconf 87' lang='lat' dir='ltr'><strong>satis</strong></span> <span class='ocrx_word' id='word_1_305' title='bbox 1077 4175 1189 4218; x_wconf 81' lang='lat' dir='ltr'><strong>senum</strong></span> <span class='ocrx_word' id='word_1_306' title='bbox 1212 4164 1276 4218; x_wconf 75' lang='lat' dir='ltr'><strong>estz</strong></span> <span class='ocrx_word' id='word_1_307' title='bbox 1302 4151 1358 4242; x_wconf 84' lang='lat' dir='ltr'><strong>qui</strong></span> <span class='ocrx_word' id='word_1_308' title='bbox 1379 4153 1462 4218; x_wconf 80' lang='lat' dir='ltr'><strong>eires</strong></span> 
     </span>
     <span class='ocr_line' id='line_1_35' title="bbox 290 4256 1462 4348; baseline -0.001 -23"><span class='ocrx_word' id='word_1_309' title='bbox 290 4258 428 4325; x_wconf 87' lang='lat' dir='ltr'><strong>comitiis</strong></span> <span class='ocrx_word' id='word_1_310' title='bbox 454 4257 613 4344; x_wconf 80' lang='lat' dir='ltr'><strong>intersunt</strong></span> <span class='ocrx_word' id='word_1_311' title='bbox 638 4262 663 4324; x_wconf 85' lang='lat' dir='ltr'><strong>oi</strong></span> <span class='ocrx_word' id='word_1_312' title='bbox 694 4259 950 4342; x_wconf 79' lang='grc' dir='ltr'><em>ε’κκλησιάζοντες</em></span> <span class='ocrx_word' id='word_1_313' title='bbox 978 4256 1082 4323; x_wconf 74' lang='lat' dir='ltr'><strong>Attice</strong></span> <span class='ocrx_word' id='word_1_314' title='bbox 1103 4257 1326 4348; x_wconf 87' lang='lat' dir='ltr'><strong>appellantur,</strong></span> <span class='ocrx_word' id='word_1_315' title='bbox 1352 4258 1462 4346; x_wconf 90' lang='lat' dir='ltr'><strong>utqui</strong></span> 
     </span>
     <span class='ocr_line' id='line_1_36' title="bbox 288 4362 1462 4460; baseline 0 -30"><span class='ocrx_word' id='word_1_316' title='bbox 288 4379 440 4457; x_wconf 86' lang='lat' dir='ltr'><strong>pompam</strong></span> <span class='ocrx_word' id='word_1_317' title='bbox 467 4364 590 4430; x_wconf 88' lang='lat' dir='ltr'><strong>ducunt</strong></span> <span class='ocrx_word' id='word_1_318' title='bbox 620 4368 646 4431; x_wconf 89' lang='grc' dir='ltr'><strong>οἱ</strong></span> <span class='ocrx_word' id='word_1_319' title='bbox 677 4363 891 4443; x_wconf 87' lang='grc' dir='ltr'><em>τομπεόοντες</em></span> <span class='ocrx_word' id='word_1_320' title='bbox 919 4387 984 4429; x_wconf 92' lang='lat' dir='ltr'><strong>non</strong></span> <span class='ocrx_word' id='word_1_321' title='bbox 1010 4364 1211 4460; x_wconf 81' lang='grc' dir='ltr'><em>πομπευταί,</em></span> <span class='ocrx_word' id='word_1_322' title='bbox 1237 4362 1323 4453; x_wconf 91' lang='lat' dir='ltr'><strong>quod</strong></span> <span class='ocrx_word' id='word_1_323' title='bbox 1343 4363 1462 4452; x_wconf 76' lang='lat' dir='ltr'><strong>legitur</strong></span> 
     </span>
    </p>
   </div>
   <div class='ocr_carea' id='block_1_3' title="bbox 293 4462 1595 4554">
    <p class='ocr_par' dir='ltr' id='par_1_3' title="bbox 293 4462 1595 4554">
     <span class='ocr_line' id='line_1_37' title="bbox 293 4462 1595 4554; baseline -0.004 -17"><span class='ocrx_word' id='word_1_324' title='bbox 293 4475 356 4551; x_wconf 90' lang='grc'><strong>11,</strong></span> <span class='ocrx_word' id='word_1_325' title='bbox 382 4474 423 4535; x_wconf 89' lang='grc'><strong>16</strong></span> <span class='ocrx_word' id='word_1_326' title='bbox 455 4473 472 4546; x_wconf 88' lang='grc' dir='ltr'><em>ή</em></span> <span class='ocrx_word' id='word_1_327' title='bbox 498 4471 595 4554; x_wconf 79' lang='grc' dir='ltr'><em>Τύχη</em></span> <span class='ocrx_word' id='word_1_328' title='bbox 621 4469 751 4536; x_wconf 81' lang='grc' dir='ltr'><em>ποικίλα</em></span> <span class='ocrx_word' id='word_1_329' title='bbox 779 4473 844 4540; x_wconf 88' lang='grc' dir='ltr'><em>τοῖς</em></span> <span class='ocrx_word' id='word_1_330' title='bbox 868 4475 1070 4546; x_wconf 82' lang='grc' dir='ltr'><em>πομπευταῖς</em></span> <span class='ocrx_word' id='word_1_331' title='bbox 1094 4468 1137 4532; x_wconf 67' lang='grc' dir='ltr'><strong>τίς</strong></span> <span class='ocrx_word' id='word_1_332' title='bbox 1162 4469 1323 4547; x_wconf 79' lang='grc' dir='ltr'><em>σχήματα</em></span> <span class='ocrx_word' id='word_1_333' title='bbox 1345 4467 1488 4547; x_wconf 83' lang='grc' dir='ltr'><em>προσά-“</em></span> <span class='ocrx_word' id='word_1_334' title='bbox 1593 4462 1595 4466; x_wconf 57' lang='grc'>’</span> 
     </span>
    </p>
   </div>
   <div class='ocr_carea' id='block_1_4' title="bbox 288 4542 1461 4664">
    <p class='ocr_par' dir='ltr' id='par_1_4' title="bbox 288 4542 1461 4664">
     <span class='ocr_line' id='line_1_38' title="bbox 288 4542 1461 4664; baseline -0.003 -23"><span class='ocrx_word' id='word_1_335' title='bbox 288 4600 428 4642; x_wconf 74' lang='grc' dir='ltr'><em>πτουσαε</em></span> <span class='ocrx_word' id='word_1_336' title='bbox 446 4588 479 4642; x_wconf 90' lang='lat' dir='ltr'><strong>et</strong></span> <span class='ocrx_word' id='word_1_337' title='bbox 496 4575 706 4652; x_wconf 65' lang='lat' dir='ltr'><strong>inclamastis</strong></span> <span class='ocrx_word' id='word_1_338' title='bbox 723 4572 853 4664; x_wconf 90' lang='lat' dir='ltr'><strong>quidem</strong></span> <span class='ocrx_word' id='word_1_339' title='bbox 873 4573 1013 4663; x_wconf 87' lang='lat' dir='ltr'><strong>aliquam</strong></span> <span class='ocrx_word' id='word_1_340' title='bbox 1033 4542 1129 4636; x_wconf 86' lang='lat' dir='ltr'><strong>habet</strong></span> <span class='ocrx_word' id='word_1_341' title='bbox 1149 4571 1461 4638; x_wconf 82' lang='lat' dir='ltr'><strong>commendationem</strong></span> 
     </span>
    </p>
   </div>
   <div class='ocr_carea' id='block_1_5' title="bbox 288 4674 1461 4833">
    <p class='ocr_par' dir='ltr' id='par_1_5' title="bbox 288 4674 1461 4833">
     <span class='ocr_line' id='line_1_39' title="bbox 288 4674 1461 4771; baseline 0.003 -30"><span class='ocrx_word' id='word_1_342' title='bbox 288 4699 306 4741; x_wconf 88' lang='lat' dir='ltr'><strong>a</strong></span> <span class='ocrx_word' id='word_1_343' title='bbox 331 4674 598 4771; x_wconf 81' lang='lat' dir='ltr'><strong>philosophorum</strong></span> <span class='ocrx_word' id='word_1_344' title='bbox 619 4701 687 4745; x_wconf 86' lang='lat' dir='ltr'><strong>usu.</strong></span> <span class='ocrx_word' id='word_1_345' title='bbox 733 4678 844 4744; x_wconf 70' lang='lat' dir='ltr'><strong>Puero</strong></span> <span class='ocrx_word' id='word_1_346' title='bbox 864 4689 896 4744; x_wconf 88' lang='lat' dir='ltr'><strong>et</strong></span> <span class='ocrx_word' id='word_1_347' title='bbox 918 4678 1141 4743; x_wconf 71' lang='lat' dir='ltr'><strong>damnemus</strong></span> <span class='ocrx_word' id='word_1_348' title='bbox 1161 4699 1402 4768; x_wconf 88' lang='lat' dir='ltr'><strong>nonnumquam</strong></span> <span class='ocrx_word' id='word_1_349' title='bbox 1424 4701 1461 4744; x_wconf 88' lang='lat' dir='ltr'><strong>eo</strong></span> 
     </span>
     <span class='ocr_line' id='line_1_40' title="bbox 1226 4795 1257 4833; baseline 0 0"><span class='ocrx_word' id='word_1_350' title='bbox 1226 4795 1257 4833; x_wconf 79' lang='grc'><strong>25</strong></span> 
     </span>
    </p>
   </div>
   <div class='ocr_carea' id='block_1_6' title="bbox 0 0 1888 5717">
    <p class='ocr_par' dir='ltr' id='par_1_6' title="bbox 0 0 1888 5717">
     <span class='ocr_line' id='line_1_41' title="bbox 0 0 1888 5717; baseline 0 5"><span class='ocrx_word' id='word_1_351' title='bbox 0 0 1888 5717; x_wconf 95' lang='lat' dir='ltr'><strong> </strong></span> 
     </span>
    </p>
   </div>
  </div>
 </body>
</html>
