3767 5717
989 620 1031 685 20

409 793 581 861 sanitatem
609 802 641 861 et
665 794 857 881 elegantiam
882 791 1051 861 scribendo
1075 793 1250 871 referrent,
1283 792 1397 861 deinde
1422 793 1476 859 ubi
1501 794 1598 863 libra·

408 902 532 966 riorum
553 900 653 978 vitio,
677 921 738 966 uon
759 901 943 988 scriptoris,
968 899 1090 967 laborat
1110 901 1265 967 orationis
1284 902 1369 965 nitor
1386 899 1487 967 leram
1504 922 1597 988 opem

410 1016 443 1076 et
467 1007 691 1095 quodcumque
723 1026 825 1092 genus
847 1007 1002 1071 vitiorum
1035 1006 1247 1091 insigniorum
1273 1003 1416 1072 iudicare
1439 1006 1543 1073 obiter
1565 1018 1599 1075 et

408 1132 545 1199 arguere
577 1119 706 1199 potero,
740 1111 911 1198 diligenter
943 1110 1070 1178 faciam.
1129 1110 1250 1177 Eadem
1287 1130 1383 1197 opera
1416 1109 1520 1177 dicam
1557 1112 1597 1180 de

408 1218 551 1283 Mutuuuu
573 1225 606 1284 et
629 1218 767 1283 Bruncnt
795 1216 991 1283 editionibus
1020 1215 1102 1282 niblo
1134 1215 1394 1297 inesartdqenoa,
1425 1224 1461 1282 ut
1493 1238 1597 1304 neque

406 1342 481 1388 vera
503 1322 573 1389 laus
593 1324 634 1387 iis
656 1321 802 1388 detracta
824 1341 927 1408 neque
952 1321 1031 1388 salsa
1058 1320 1164 1387 afficta
1197 1340 1266 1387 esse
1288 1321 1447 1389 videatur.
1497 1323 1594 1408 uqui-

408 1428 481 1495 dem
505 1437 679 1513 utrumque
702 1426 857 1494 editorem
870 1429 980 1514 magni
1005 1426 1105 1505 secio,
1130 1447 1193 1513 quo
1217 1428 1338 1513 magis,
1359 1427 1387 1490 si
1410 1425 1488 1512 quid
1510 1427 1595 1495 vide·

405 1532 529 1599 buntur
552 1550 698 1609 errasse,
723 1533 948 1599 demonstrabo
968 1542 1000 1600 et
1021 1532 1232 1618 redarguam,
1256 1552 1319 1605 nou
1341 1530 1487 1599 lecturus
1508 1532 1592 1600 idem

405 1641 440 1704 in
464 1639 525 1715 iis,
550 1658 630 1724 quos
650 1646 889 1703 contemnerem
913 1645 946 1703 et
966 1637 1173 1724 negligendos
1198 1644 1357 1723 putarem.

450 1744 555 1809 Erunt
580 1740 715 1808 sortasse
738 1750 770 1808 et
801 1762 888 1809 uuuc
912 1744 968 1828 qui
997 1762 1048 1809 me
1084 1742 1297 1807 inhumanum
1322 1762 1390 1808 esse
1418 1742 1592 1810 vociferen-

405 1856 461 1913 tur
482 1856 513 1913 el
539 1847 665 1933 magnis
685 1848 880 1914 clamoribus
903 1856 1002 1933 agant
1024 1857 1081 1914 aut
1101 1847 1282 1913 maledictis
1312 1855 1438 1914 certent
1463 1858 1496 1915 et
1520 1870 1594 1916 con·

405 1953 520 2030 viciis,
555 1953 673 2039 quibus
697 1953 778 2019 nibil
802 1972 955 2040 reponam
987 1953 1215 2041 praetendens
1242 1952 1418 2020 versiculos
1447 1954 1592 2021 Horatia·

405 2078 463 2123 nos
486 2060 599 2145 patrois
623 2060 758 2125 mutatis
782 2060 814 2124 in
840 2079 946 2125 meam
970 2078 1038 2126 retu
1063 2058 1336 2125 accommodatos:

541 2165 580 2229 ui
604 2164 684 2230 bene
708 2164 862 2240 lecerunt,
877 2164 992 2229 bilonis
1014 2182 1066 2231 mc
1089 2163 1237 2249 quodque
1260 2164 1354 2229 iocosi

536 2270 675 2335 Finxere
698 2268 838 2355 ingenii,
862 2288 936 2334 raro
959 2277 991 2335 et
1015 2288 1175 2355 perpauca
1197 2269 1367 2335 timentem.

447 2372 484 2437 ln
518 2393 554 2439 ea
579 2394 707 2461 quoque
731 2394 766 2441 re
790 2376 951 2441 Ponsouun
974 2375 1072 2461 probo
1096 2381 1128 2439 et
1159 2392 1297 2460 sequar,
1322 2375 1400 2459 qui,
1423 2381 1506 2441 teste
1528 2376 1590 2443 llo·

333 2514 335 2520 .
398 2497 494 2544 annuo
519 2480 564 2570 (in
586 2482 714 2550 Adocro.
733 2480 757 2545 1.
782 2500 812 2567 p.
832 2481 865 2567 5)
890 2480 1025 2546 carebat
1051 2480 1155 2565 »ficto
1176 2480 1235 2545 itta
1257 2484 1424 2567 fucataque
1444 2481 1584 2546 bomani·

396 2595 479 2661 tote,
510 2605 590 2671 quac
621 2605 718 2671 quum
741 2587 828 2651 bonis
850 2596 943 2673 utque
991 2585 1106 2663 molis,
1136 2585 1246 2650 amieis
1274 2584 1469 2672 inimicisque
1502 2587 1591 2651 iuxta

403 2691 599 2768 blandintur,
620 2713 680 2755 non
692 2692 810 2757 mirum
822 2694 850 2757 ai
862 2704 925 2759 tom
938 2692 1029 2758 uelde
1042 2692 1188 2757 laudetur
1207 2690 1342 2755 retritis
1361 2700 1453 2777 etque
1475 2693 1590 2776 impro-

404 2798 485 2862 tte*
517 2795 686 2863 Caeterum
706 2798 739 2867 id
764 2817 876 2885 agam,
900 2807 937 2863 ut
962 2818 1044 2885 quae
1063 2797 1202 2863 scribam
1227 2796 1378 2863 Marumno
1406 2796 1466 2881 ipsi
1490 2797 1590 2883 potis·

402 2904 740 2987 siurumbnnuaeoqne
762 2902 960 2989 probentur,
986 2902 1071 2989 quod
1092 2903 1119 2966 si
1139 2900 1294 2978 effecero,
1318 2900 1455 2979 caeteri,
1479 2920 1590 2988 spero,

401 3016 456 3075 aut
478 3008 565 3073 bisce
589 3007 795 3091 acquiescent
814 3016 871 3072 aut
895 3008 1017 3072 rectius
1040 3008 1136 3073 etiam
1163 3007 1377 3091 negligantur.

444 3114 595 3179 Lucrauus
615 3119 646 3176 et
661 3110 799 3177 Lucrino
820 3110 986 3197 aliquanto
1008 3113 1167 3178 recentior
1186 3113 1356 3177 Acerranos
1382 3110 1469 3200 (uam
1488 3133 1586 3199 quem

398 3228 465 3286 tarn
491 3236 584 3305 saepe
606 3224 638 3283 et
659 3224 725 3281 tam
750 3216 920 3283 manifesto
945 3220 1114 3294 imitatur,
1139 3226 1174 3282 ut
1195 3216 1319 3302 siquid
1343 3217 1383 3282 ab
1406 3218 1459 3284 illo
1482 3218 1586 3306 lepide

397 3330 563 3411 repertum
583 3331 640 3390 aut
664 3331 798 3390 venuste
818 3324 940 3389 dietum
964 3324 1056 3389 sitin
1078 3342 1152 3388 suas
1173 3321 1333 3407 Epistulas
1357 3324 1463 3391 verbis
1486 3346 1585 3412 paene

398 3430 532 3496 totidem
564 3428 755 3505 transierat,
787 3431 816 3495 ei
840 3428 982 3514 aequalis
1014 3437 1070 3493 aut
1104 3446 1202 3515 prope
1225 3428 1367 3514 aequalis
1390 3429 1490 3497 luisse
1523 3453 1585 3498 non

397 3533 516 3623 potest)
529 3521 756 3621 scriptitarunt
775 3532 838 3599 illis
854 3534 1067 3619 temporibus
1092 3552 1193 3619 quum
1206 3551 1300 3599 nemo
1317 3534 1482 3602 videretur
1506 3537 1587 3607 bene

397 3640 505 3707 dicere
529 3658 620 3727 posse
640 3660 683 3705 au
720 3639 883 3714 scribere,
909 3640 965 3725 qui
986 3660 1048 3705 non
1069 3657 1196 3707 omnem
1221 3641 1378 3707 sermonis
1402 3644 1525 3728 copiam
1546 3662 1585 3710 ex

396 3753 543 3813 veterum
567 3745 698 3831 scriptis
721 3745 902 3831 collegisset
919 3751 952 3811 ct
975 3745 1102 3813 dicendi
1126 3746 1273 3811 usumin
1299 3747 1449 3813 omuibus
1472 3747 1513 3813 ad
1532 3768 1583 3816 ve·

397 3859 504 3917 teruru
537 3850 804 3917 cousuetudinem
840 3852 1016 3936 exegisset,
1053 3850 1190 3937 denique
1224 3871 1325 3938 quum
1357 3851 1442 3939 apud
1474 3854 1584 3921 doctos

397 3955 525 4021 nullum
554 3954 689 4020 verbum
712 3958 791 4023 satis
815 3958 968 4023 Graecum
990 3964 1022 4022 et
1046 3955 1180 4043 probum
1204 3956 1390 4037 videretur,
1414 3959 1498 4045 quod
1519 3978 1583 4023 uon

398 4060 549 4127 idoneum
571 4068 686 4127 testem
707 4070 740 4128 et
759 4070 923 4129 auctorem
946 4080 985 4125 ex
1004 4062 1147 4146 antiquis
1167 4060 1278 4127 Atticis
1297 4063 1437 4131 haberet.
1486 4062 1583 4127 Plena

397 4166 616 4253 exemplorum
641 4175 719 4232 sunt
736 4169 872 4253 scripta
896 4168 1052 4231 drumart
1086 4174 1118 4231 et
1143 4166 1298 4233 Poncuers.
1347 4166 1438 4234 Plebs
1461 4168 1585 4231 interea

397 4276 432 4339 in
457 4272 542 4338 diem
566 4274 672 4358 magis
692 4273 821 4339 dicendi
840 4271 1059 4337 sinceritatem
1081 4270 1274 4357 depravabat
1299 4274 1512 4355 utebaturque
1536 4270 1581 4336 di·

388 4380 505 4447 ctione
530 4377 749 4445 incredibilem
779 4379 812 4441 in
837 4374 968 4440 modum
993 4374 1126 4453 vitiosa,
1158 4380 1251 4444 cuius
1275 4377 1321 4441 rei
1348 4376 1492 4462 exempla
1514 4397 1581 4444 sex·

395 4493 491 4551 centa
520 4492 597 4550 sunt
619 4482 704 4570 apud
727 4486 827 4559 istos,
851 4481 907 4566 qui
927 4483 1108 4551 ’uerterent
1134 4482 1356 4570 appellantur,
1384 4480 1583 4552 Punrurcuuu

387 4612 423 4657 .v.
441 4612 470 4658 c.
495 4598 528 4657 et
556 4590 738 4663 Moratum,
770 4587 825 4673 qui
848 4606 960 4653 omnes
988 4607 1051 4652 nou
1077 4586 1137 4652 hoo
1167 4592 1286 4673 agunt,
1319 4594 1355 4651 ut
1378 4606 1459 4674 quae
1484 4586 1582 4657 luerit

390 4698 543 4783 antiquae
561 4696 699 4769 'Aribae
721 4694 804 4761 ratio
826 4700 859 4761 et
882 4712 962 4761 usus
986 4692 1121 4761 doceant
1146 4693 1233 4782 (nam
1257 4689 1337 4759 nihil
1357 4692 1439 4761 foret
1463 4693 1579 4765 horum
