3767 5717
976 563 1043 628 290

424 757 513 825 eludi
542 758 653 836 sclet‚·
666 768 699 823 at
718 756 824 846 cogita
842 753 923 846 quid
942 761 1050 823 ταῦτα
1073 756 1250 846 significet,
1274 756 1361 847 quod
1379 757 1482 849 digito
1502 783 1604 844 mnu·

421 875 501 932 strat
519 881 609 954 quae·
621 861 821 958 praecedunt
837 866 856 948 ς
874 863 929 927 36»
946 861 1037 928 atter
1062 861 1189 942 ίίρνβος
1216 861 1300 951 (lege
1318 863 1404 944 ίροῆς
1426 877 1461 930 ut
1481 869 1502 952 ς
1525 869 1598 958 35.)

421 971 454 1034 ἐν
476 979 516 1051 σῆ
545 968 709 1050 ἐκκλησίᾳ.
756 966 904 1033 Clamant
929 965 984 1032 ali-i
1004 965 1128 1038 δικαίως
1151 966 1326 1044 βοηθῆσαι,
1352 970 1377 1034 οἱ
1408 971 1439 1038 δὲ
1465 973 1599 1040 ἀδικεῖν»

420 1075 543 1140 interea
560 1074 669 1164 prodit
690 1071 822 1141 Cliteles
843 1085 876 1139 et
893 1073 937 1138 ab
960 1071 1020 1138 bac
1039 1072 1104 1163 ipsa
1123 1069 1320 1138 dissensione
1344 1073 1482 1142 orditur:
1506 1079 1601 1144 ἀλλὰ

421 1185 553 1244 σαῆσα
581 1182 639 1260 μὲν
671 1180 743 1252 ἴσως
770 1179 999 1258 ἀντιλέγεται,
1024 1179 1144 1268 inquit:
1165 1179 1276 1269 ecquis
1300 1191 1367 1246 erat
1388 1182 1420 1246 in
1443 1184 1602 1250 concione

421 1283 605 1365 ducendus,
644 1285 723 1376 quid
753 1297 834 1351 esset
865 1285 1002 1375 deque
1034 1285 1263 1354 dissentiretur.
1321 1287 1503 1356 Absurduna
1530 1302 1601 1370 est,

420 1391 555 1479 opiner,
585 1393 634 1458 ita
663 1389 779 1456 dicere.
828 1388 891 1456 S'ed
920 1390 1117 1480 pertinacius
1141 1403 1242 1482 agunt
1261 1392 1320 1458 riri
1337 1393 1428 1460 alneti
1444 1407 1477 1460 et
1494 1396 1599 1462 multa

419 1510 514 1586 e'uepe
545 1496 638 1564 nobis
666 1515 864 1586 supersecuta
896 1496 996 1562 rideri
1022 1495 1187 1574 dictitant,
1215 1519 1298 1586 quae
1323 1509 1433 1566 tamen
1459 1501 1543 1568 dicta
1565 1514 1599 1568 et

419 1602 537 1692 scripta
568 1603 631 1668 sint
658 1613 745 1668 certa
772 1600 853 1666 fides
881 1601 937 1667 sed
965 1602 1135 1668 manilestn
1165 1603 1318 1670 sermonis
1348 1605 1424 1672 ritia
1451 1607 1598 1675 fraudem

418 1709 632 1799 patefaciunt:
651 1731 716 1774 nou
734 1703 813 1783 ἦσαν
828 1707 886 1775 sed
904 1709 981 1773 εἰσίν
998 1709 1123 1774 dictum
1141 1721 1209 1775 turn
1228 1711 1387 1800 oportuit,
1407 1733 1473 1780 non
1491 1713 1595 1787 σίνος,

419 1814 475 1880 sed
495 1815 634 1897 σίσεοοι,
655 1825 691 1880 et
707 1811 798 1894 οίοχω
821 1815 940 1880 tanuen
964 1815 1035 1904 quie
1055 1815 1138 1880 serie
1160 1815 1380 1883 urrunnun
1399 1817 1595 1909 imputabit?

419 1920 494 1990 Non
515 1921 622 1993 miuus
640 1919 808 1986 manifesta
830 1919 1021 2001 emblemata
1041 1933 1115 1986 suut
1133 1921 1159 1988 l.
1179 1941 1211 1988 v.
1234 1925 1284 1988 13.
1306 1923 1501 2011 [οίσελογῆίν
1522 1923 1596 2010 ὡς],

418 2041 479 2118 pr'n
512 2050 577 2117 qun
611 2026 735 2093 Atticus
766 2026 996 2101 σίσελογῆσασο
1027 2025 1178 2106 dixisset,
1210 2025 1237 2094 Ι.
1265 2046 1309 2094 ul.
1344 2031 1394 2095 ld.
1428 2025 1520 2120 [darer
1548 2028 1598 2106 μῆ

418 2135 522 2200 ἐκεῖσε
553 2133 681 2220 (palm,
710 2129 754 2197 ll.
782 2148 827 2196 Π.
858 2133 909 2195 13.
948 2125 1042 2218 [οὗτοι
1072 2133 1107 2206 at
1139 2133 1167 2196 ci
1199 2130 1403 2220 σροίκοντα],
1434 2133 1492 2198 IV.
1513 2151 1543 2198 v.
1562 2137 1596 2200 ὅ.

417 2239 444 2302 οἱ
480 2239 506 2302 δ’
540 2238 570 2302 ἐν
590 2240 642 2320 σῷ
676 2236 789 2316 Ἡραίῳ
820 2235 1156 2323 [κασασεφειιγίσες],
1191 2235 1261 2303 Vll.
1282 2256 1304 2302 1.
1331 2239 1382 2304 31.
1409 2233 1459 2325 [οὗ
1482 2238 1517 2313 dis
1541 2237 1594 2302 καί

310 2336 315 2340 ’
417 2341 571 2423 ασίγοιος
600 2339 765 2426 λίγεσαι].
814 2337 853 2402 ln
882 2339 996 2406 cedern
1029 2363 1125 2430 opere
1153 2341 1316 2409 emblema
1336 2353 1447 2407 cuturn
1469 2353 1536 2420 est,
1559 2352 1596 2405 ut

418 2469 513 2537 saepe
542 2447 598 2525 lit,
618 2469 655 2511 ex
677 2444 850 2534 depravata
876 2443 1038 2524 lectione,
1062 2468 1126 2536 qua
1147 2459 1291 2513 correcta
1313 2447 1398 2512 ultro
1418 2446 1535 2512 excidit
1554 2445 1596 2513 ll.

419 2570 455 2617 11.
479 2556 531 2617 20.
551 2555 605 2616 οὐκ
627 2550 754 2632 ἔφασαν
780 2548 870 2613 πόλιν
896 2550 1110 2630 ἀνδραποδιεῖν
1130 2551 1221 2631 μέγα
1245 2553 1364 2630 alyatte
1387 2551 1595 2633 είργασμὲνῆν

418 2659 449 2722 ἕν
478 2666 542 2730 σοῖς
572 2654 716 2734 μεγίςοις
742 2653 887 2725 κινδύνοις
914 2651 1090 2732 γενομένοις
1112 2667 1151 2740 σῇ
1175 2656 1324 2730 Ἑλλοίδι,
1351 2656 1487 2721 eruenda
1507 2657 1596 2736 μέγα

418 2763 538 2841 οίγαίὸν
563 2798 608 2812 -
623 2757 791 2838 γενομένην
807 2767 845 2839 τῆ
866 2756 998 2824 Ἑλλοίδι
1018 2769 1050 2822 et
1062 2759 1274 2842 -είργασμίνῆν
1294 2783 1332 2824 eo
1351 2761 1485 2839 redibit,
1509 2758 1594 2824 unde

386 2880 390 2889 “
418 2867 503 2932 rnalc
523 2865 642 2956 pedem
661 2862 783 2928 intulit.
830 2863 903 2928 dlis
925 2863 1000 2928 lucu
1023 2863 1146 2930 facturn
1165 2877 1211 2930 est
1238 2877 1273 2930 ut
1293 2865 1505 2958 interpolatur
1528 2877 1596 2930 tur-

418 2973 503 3062 piter
537 2982 657 3036 erraret
693 2980 725 3035 et
752 2967 976 3034 incredibilem
1008 2991 1150 3036 errorem
1182 2970 1400 3038 urrunnu
1431 2971 1594 3060 affingeret

417 3077 516 3169 11411.
545 3080 596 3142 13.
617 3077 643 3141 oi
665 3076 691 3139 δ’
712 3074 779 3138 ἐπεὶ
807 3069 885 3148 ἦσαν
911 3076 941 3137 ἐν
965 3075 1132 3158 Σελλασίᾳ
1157 3075 1288 3151 πλησίον
1310 3085 1367 3151 σῆς
1393 3083 1591 3154 Λακωνικῆς,

419 3184 479 3250 riri
498 3183 587 3249 docti
606 3181 782 3246 admonent
802 3177 969 3244 Sellasiam
992 3178 1024 3243 in
1044 3179 1112 3268 ipsa
1132 3179 1292 3246 Laconica
1310 3181 1404 3248 sitam
1423 3193 1455 3246 et
1472 3203 1594 3271 expun-

314 3306 317 3309 ·
417 3301 498 3379 gunt
527 3288 675 3372 σλῆσίον,
698 3298 731 3351 at
752 3286 922 3350 Σελλασία
950 3297 1015 3350 tarn
1035 3297 1147 3350 notum
1172 3296 1205 3350 et
1225 3306 1343 3362 nornen
1365 3299 1396 3352 et
1417 3287 1505 3350 locus
1526 3295 1593 3359 est,

418 3408 455 3462 ut
486 3392 655 3460 Σελλασία
687 3400 743 3468 σῆς
770 3398 954 3465 Λακωνικῆς
980 3401 1046 3456 tam
1072 3390 1222 3481 putidum
1247 3391 1286 3455 sit
1314 3404 1346 3456 et
1362 3391 1488 3482 ¹puerile
1508 3411 1545 3454 ac
1565 3388 1592 3454 si

419 3501 491 3592 quis
521 3497 662 3570 Ἐλενσίς
694 3497 745 3562 vel
776 3498 933 3595 Μαρκίων
968 3504 1024 3570 σῆς
1055 3499 1205 3571 Ἀττικῆς
1234 3497 1268 3563 in
1296 3499 1393 3564 sunili
1423 3519 1457 3563 re
1488 3496 1593 3562 dicere

418 3607 586 3674 uoluisset:
609 3604 739 3679 σλῆσίοι
761 3609 817 3675 σῆς
844 3609 1028 3677 Λακωνικῆς
1051 3601 1188 3668 debetur
1210 3605 1328 3683 sciolo,
1353 3608 1409 3695 qui
1426 3603 1491 3668 illis
1512 3614 1595 3668 tern-

418 3712 550 3804 poribus
569 3709 747 3774 Hellena'ca
767 3706 988 3795 interpolavit,
1010 3731 1110 3797 quum
1131 3731 1226 3776 nemo
1248 3711 1341 3776 sciret
1360 3709 1416 3774 ubi
1440 3721 1594 3774 terrarum

420 3819 497 3885 olirn
528 3813 661 3883 Sellasia
691 3813 750 3878 sita
770 3812 892 3878 fuisset.
941 3811 986 3878 Ut
1011 3813 1102 3878 lcc'us
1125 3836 1187 3879 non
1212 3836 1277 3880 unc
1299 3815 1428 3880 nomine
1449 3827 1544 3880 notus
1564 3826 1595 3881 et

418 3923 536 3989 nobilis
566 3920 663 3985 ctiam
691 3917 798 3984 notior
817 3917 873 3981 liat
890 3917 1071 3985 emendabo
1089 3918 1199 3984 locum
1221 3919 1389 3986 Potrnunr
1408 3918 1468 3988 lll.
1491 3923 1542 3985 ll.
1565 3923 1593 3985 6.

399 4027 563 4109 “Χαβρίας
588 4027 630 4098 είς
655 4023 802 4089 ‘naastan
827 4028 884 4095 τῆς
908 4031 1093 4098 Λακωνικῆς
1119 4026 1269 4103 ἐμβαλὼν
1293 4027 1400 4096 νυκτὸς
1420 4027 1471 4090 σὸν
1494 4048 1592 4090 κοτα-

419 4135 477 4214 μὲν
509 4130 626 4209 διαβὰς
649 4130 738 4195 λείαν
768 4128 888 4201 σολλῆν
920 4129 1030 4206 λαβὼν
1055 4131 1110 4204 τῆν
1135 4131 1192 4208 μὲν
1213 4131 1286 4212 ὑπὲρ
1311 4130 1363 4195 σὸν
1384 4130 1527 4209 σοσαμὸν
1550 4131 1592 4202 είς

416 4242 475 4314 γῆν
505 4235 618 4320 φιλίαν
656 4233 890 4313 ἀπεπέμψατο.
922 4233 962 4298 ad
992 4232 1079 4300 huuc
1098 4235 1249 4302 nuntium
1271 4235 1420 4326 Spartani
1444 4233 1593 4300 adrclant

379 4348 382 4355 '
417 4344 472 4412 καί
507 4343 624 4423 σπονδῇ
654 4338 822 4420 δραμόντες
848 4337 992 4402 διακόσια
1016 4339 1112 4408 stara
1137 4341 1351 4431 incomposito
1373 4342 1498 4430 agmine
1519 4340 1591 4406 lessi

416 4449 461 4517 ab
483 4445 612 4536 integris
627 4443 809 4509 funduntur
827 4454 859 4506 et
879 4442 1040 4531 fugantur.
1073 4445 1134 4512 Pro
1153 4448 1197 4520 είς
1216 4447 1361 4514 ‘enatae
1380 4445 1592 4512 Cassandrus

418 4535 574 4620 festinans
604 4555 647 4625 είς
679 4551 776 4622 Ἕλος
808 4549 964 4630 caruerit,
997 4551 1085 4642 quod
1118 4552 1270 4624 festinan-s
1304 4552 1434 4624 Gnatus
1459 4553 1592 4644 recepit.

417 4659 609 4730 subridebit
631 4657 692 4751 qui
710 4657 789 4724 baec
806 4680 925 4750 grauns
941 4658 1090 4730 leccru'sn
1108 4659 1237 4752 releget
1267 4660 1382 4731 Scribe
1399 4662 1444 4735 εἰς
1467 4669 1593 4726 Σελλα-
