3767 5717
961 644 1025 711 188

407 864 504 935 quam
526 851 674 907 accurate
693 839 832 929 cogitare
854 846 887 903 et
906 836 1014 905 dicere
1032 848 1156 904 veteres
1175 836 1311 904 soleant.
1346 833 1431 920 Quid
1448 834 1590 926 impedit

404 951 471 1014 ὁδοῦ
509 946 663 1027 ποίρερνον
694 966 731 1009 er
762 944 949 1009 Huunnoro
983 942 1135 1010 mendum
1167 943 1304 1009 eximere
1337 942 1425 1033 qnod
1453 942 1593 1008 inolevit

411 1052 465 1117 Vl.
494 1058 545 1119 58.
579 1049 675 1114 ἐποθιν
708 1043 872 1115 οὖντοῦτο
900 1049 1032 1127 γένηται
1066 1051 1156 1138 (rege
1185 1049 1414 1140 Spartanorum
1443 1051 1590 1135 mortno)

411 1156 537 1235 ανοίγκν
567 1154 601 1231 ἐξ
635 1153 729 1230 οἱκίνς
757 1152 873 1230 inrisae
901 1154 1074 1235 ἐλευθέρους
1102 1155 1152 1220 δύο
1179 1153 1461 1232 καταμιαίνεσθαι,
1491 1151 1592 1233 ἄνδρα

412 1288 448 1328 τε
472 1261 524 1325 καὶ
548 1267 698 1338 γυναῖκα.
724 1260 768 1337 μὲν
784 1261 931 1335 ποιήσασι
950 1259 981 1324 δὲ
997 1267 1089 1325 τοῦτο
1108 1259 1217 1342 ζημίαι
1237 1257 1383 1337 μεγιίλαι
1409 1256 1589 1322 ἐπικέαται.

415 1365 597 1432 Δίιειιοθιιιιι
616 1376 664 1429 est
684 1365 717 1429 in
740 1388 777 1430 eo
798 1365 871 1430 loco
897 1364 1030 1431 verbum
1052 1364 1329 1443 καταμιαίνεσθαι.
1360 1360 1508 1452 Namque
1524 1362 1591 1428 sire

414 1472 638 1562 conspurcare
667 1468 842 1557 significat,
877 1481 912 1534 ut
941 1470 1039 1548 solet,
1071 1468 1136 1536 sire
1162 1468 1274 1558 paullo
1296 1466 1399 1531 aerius
1423 1478 1470 1532 est
1493 1490 1591 1557 quam

415 1576 608 1657 μιαίνεσθαι,
623 1575 738 1664 pollui
753 1575 883 1663 piaculo
906 1575 1071 1666 quolibet,
1104 1597 1170 1639 non
1190 1586 1238 1640 est
1257 1573 1387 1639 honoris
1406 1584 1505 1663 genus
1524 1595 1595 1638 ma-

420 1684 467 1773 gis
498 1679 649 1747 stolidum
678 1692 710 1744 et
732 1680 771 1744 ab
800 1693 913 1745 natura
934 1680 1054 1769 ingenii
1074 1679 1206 1744 hnmani
1225 1689 1258 1743 et
1279 1677 1471 1774 Graecorum
1495 1677 1595 1743 mori·

416 1789 476 1856 bus
497 1788 596 1876 magis
617 1786 756 1851 alienum
779 1798 811 1851 et
831 1786 1014 1853 abhorrens.
1063 1784 1145 1852 Satis
1167 1808 1233 1850 esse
1257 1784 1425 1851 ridebatur
1444 1785 1478 1849 in
1494 1784 1592 1849 domo

421 1905 453 1959 et
483 1892 560 1965 urbe
592 1891 716 1955 funesta
747 1891 884 1981 piaculi,
918 1904 954 1957 ut
981 1915 1046 1957 non
1073 1892 1159 1957 ultro
1182 1914 1248 1957 sese
1268 1891 1352 1957 eires
1364 1893 1520 1981 polluere
1537 1913 1596 1955 ro-

418 1998 538 2064 luerint
558 1994 657 2085 idque
677 1995 709 2060 in
726 1995 869 2061 defuncti
891 1998 973 2087 regis
992 1996 1157 2063 bonorem.
1194 1995 1352 2074 Verbum,
1372 1993 1460 2085 quod
1482 1995 1596 2061 Hero-

420 2122 509 2169 noro
527 2101 849 2179 restituendumesse
871 2124 1004 2180 censeo,
1034 2101 1150 2192 legitur
1170 2102 1203 2165 in
1226 2100 1371 2167 Lucum
1391 2100 1536 2190 dialogo,
1561 2100 1596 2165 in

421 2231 487 2299 quo
509 2228 671 2271 versamur
691 2209 708 2291 §
730 2208 783 2271 31.
808 2206 866 2285 ὀψέ
889 2209 961 2271 ποτ’
986 2206 1025 2271 θον
1049 2208 1102 2271 καί
1129 2206 1221 2285 μόλις
1244 2206 1512 2284 κατατεμνόμενοι
1530 2207 1594 2284 βα-

420 2313 483 2377 θέσι
511 2320 575 2399 τοῖς
604 2310 782 2392 τραύμασιν
806 2307 890 2389 αἷμα
919 2311 1025 2389 ὀλίγον
1047 2312 1254 2389 ὑποδείξαιτε.
1304 2310 1340 2375 ln
1362 2319 1595 2378 KATAMIAI-

420 2424 584 2482 Nucont
604 2415 762 2481 delitescit
793 2422 1190 2488 ttATATAMNEceA1‚
1223 2414 1311 2503 quod
1330 2416 1418 2505 prius
1441 2415 1474 2479 in
1493 2439 1595 2482 κατα-

423 2520 554 2599 μνεσθαι
575 2521 672 2599 abiit,
697 2520 834 2601 deinde,
857 2532 893 2585 ut
913 2531 995 2587 esset
1018 2520 1128 2585 saltem
1152 2520 1308 2585 Graecum
1330 2519 1539 2598 vocabulum,
1561 2519 1596 2585 iu

423 2623 688 2703 καταμιαίνεσθαι
714 2638 736 2690 ¹.
785 2623 933 2714 Spartani
960 2623 1174 2689 concidebant
1193 2624 1254 2689 sibi
1275 2623 1405 2691 brachia
1429 2636 1461 2690 et
1486 2624 1596 2690 elicie-

424 2730 502 2796 bant
522 2752 667 2796 eruorem
689 2742 720 2795 et
741 2730 785 2797 sio
806 2754 910 2819 regem
931 2743 1093 2797 mortuum
1111 2730 1325 2810 honorabant,
1341 2743 1376 2797 ut
1393 2731 1480 2799 Galli
1491 2730 1598 2818 Cybe-

424 2837 492 2913 len,
516 2836 601 2925 (ride
622 2835 801 2901 Luctruuru
822 2840 877 2913 42,
899 2839 965 2922 37.)
992 2836 1079 2926 qnod
1103 2836 1230 2902 Graecis
1251 2837 1393 2903 moribus
1414 2848 1461 2902 est
1481 2860 1598 2904 conve·
1696 2918 1705 2934 .

424 2942 515 3007 niens
537 2941 727 3021 admodum,
760 2942 793 3007 in
817 2942 909 3007 luctu
928 2942 988 3007 sibi
1009 2941 1170 3031 unguibus
1189 2954 1244 3008 aut
1262 2942 1346 3008 ferro
1365 2944 1506 3010 lacerare
1526 2965 1598 3007 cor·

425 3069 486 3136 pus
507 3059 562 3111 aut
581 3069 677 3136 genas
696 3046 849 3113 dilaniare
868 3058 901 3111 et
923 3046 1058 3113 vultum.
1106 3046 1219 3137 ltaque
1244 3046 1507 3126 κατατοίμνεσθαι
1528 3047 1599 3113 llu-

427 3169 559 3216 uenero
593 3151 780 3230 reddemus,
818 3152 952 3217 verbum
981 3152 1114 3229 μιαίνειν
1142 3174 1334 3244 reponemus
1361 3152 1396 3219 in
1424 3153 1601 3221 Postmrro

349 3270 350 3275 ’
424 3257 545 3323 Athen.
575 3256 663 3323 xlv.
687 3282 717 3348 p.
742 3262 804 3325 661
831 3277 859 3325 F.

605 3378 915 3457 οίντεργολαβοθντες
940 3377 1050 3457 ἔλεγον
1073 3379 1087 3444 θ
1110 3381 1168 3459 μὲν
1191 3382 1230 3454 ὥς
1254 3383 1307 3445 οὐκ
1330 3379 1399 3462 ἔχει

605 3483 673 3561 ῥῖνα
696 3481 831 3561 κριτικὴν
854 3482 928 3562 πρὸς
951 3478 1080 3564 τοῦψον,
1105 3485 1119 3549 θ
1143 3487 1170 3550 δ’
1192 3484 1239 3551 ire
1263 3488 1298 3551 τὸ
1322 3485 1409 3564 τίμα

604 3586 749 3666 πονηρὸν,
775 3586 788 3649 ὁ
814 3587 845 3651 δὲ
869 3588 924 3662 τὴν
949 3593 1099 3666 γλῶτταν
1122 3592 1166 3663 είς
1191 3591 1381 3672 οίσχιίμονας

609 3690 775 3768 ἐπιθυμίας
799 3689 881 3756 ἔνιοί
906 3698 1030 3757 τετῶν
1054 3693 1252 3775 ἡδυσμάτων.

467 3966 487 4035 ¹)
505 3971 562 4019 Hoc
579 3970 722 4034 saepissime
739 3968 875 4021 Graeculos
893 3981 1055 4034 conectens,
1073 3975 1095 4025 si
1110 3976 1159 4024 hoe
1175 3990 1248 4038 ages,
1266 3978 1363 4029 ridebis
1376 3978 1509 4043 facientes,
1527 3988 1556 4033 nt
1569 3983 1606 4033 nil

430 4052 498 4101 ultre
522 4052 622 4113 singnis
641 4055 763 4104 vocabule
788 4057 929 4119 intelligere
954 4072 995 4107 eos
1018 4065 1061 4107 sut
1084 4070 1171 4108 curare
1189 4071 1314 4125 apparent.
1350 4066 1383 4115 In
1401 4065 1560 4116 Pournmo
1578 4066 1607 4115 ds

432 4132 526 4184 Aberia.
551 4136 587 4184 11.
607 4137 622 4199 ξ
639 4140 681 4186 ul.
705 4140 881 4190 suavissimum
898 4149 935 4190 est
952 4141 1051 4192 Comici
1069 4140 1253 4207 fragmentum,
1276 4154 1391 4199 tenerum
1408 4164 1438 4199 nc
1454 4150 1533 4200 molle
1550 4152 1605 4200 Mu·

433 4234 535 4273 nauum
551 4221 649 4285 spirans
666 4223 811 4287 ingenium:

702 4310 728 4357 εἰ
745 4310 920 4377 μνημονεύεις
939 4297 969 4361 rei
987 4311 1089 4362 παθὼν
1107 4312 1196 4373 ποθεῖς
1212 4316 1244 4366 τί
1260 4336 1295 4377 με

701 4394 793 4460 dulps)
811 4396 910 4457 πάθοι,
931 4396 1043 4456 Φιλῖνε,
1063 4400 1139 4465 παρὰ
1156 4401 1203 4448 ouri
1225 4405 1274 4465 τὴν
1291 4402 1370 4468 χάριν

703 4480 801 4529 τούτοιν
820 4484 871 4547 γὰρ
891 4480 978 4547 αὐτὴν
997 4478 1078 4532 ἕνεκα
1096 4487 1161 4552 πρὸς
1179 4482 1205 4561 ori
1225 4487 1392 4549 κατιθίμην.

434 4570 528 4621 νοτίοιο
546 4588 592 4637 pro
609 4570 941 4624 ΦΙΛΕΙΝΕΠΑΡΑΣΟΤ
963 4578 1086 4628 dederunt
1104 4580 1195 4639 φιλεῖν
1214 4580 1379 4647 ἔπαράοοου,
1397 4576 1488 4627 deinde
1506 4576 1551 4628 elii
1568 4598 1610 4639 pr·
1652 4585 1656 4593 ’

435 4654 496 4748 θεῖν
513 4657 697 4722 trallianos,
723 4667 751 4710 nt
776 4659 826 4711 duo
851 4661 943 4713 saltem
966 4661 1088 4713 rocsbnln
1109 4662 1206 4715 Graeca
1229 4662 1323 4724 forent,
1348 4669 1374 4712 et
1394 4666 1482 4712 contre
1500 4669 1609 4714 metrum

440 4756 541 4792 ΗΜΠ·
