3767 5717
951 596 1019 664 '328

393 796 493 880 σοθτιρ
508 798 653 878 μᾶλλον.
701 789 786 878 Quid
808 803 897 858 cesso
917 811 1024 856 reram
1044 788 1221 856 lectionem
1234 791 1442 882 patefacere?
1482 785 1573 890 lege

394 901 521 981 μάλιτα
542 903 569 966 δ’
589 901 603 965 ι’
624 898 711 981 παρά
731 905 788 972 τῆς
815 894 969 976 ἡμετέροις
999 893 1134 968 πόλεως,
1165 891 1283 978 ῦσῳπερ
1308 893 1488 976 ἑτοιμότατ’
1508 906 1572 969 no:

331 1001 335 1006 ’
393 1009 437 1088 τῷ
473 1007 619 1084 δοκοῦμεν
654 1005 806 1085 χρῆσθαι,
842 1006 1002 1091 expuncto
1033 999 1223 1066 emblemate
1260 1000 1408 1088 [τοσούτῳ
1441 1008 1569 1083 μᾶλλον

392 1113 540 1179 ἀπιτοῦσν
575 1108 693 1180 πάντες
730 1106 844 1194 adad}
899 1104 981 1169 Vera
1016 1104 1111 1169 lectio
1142 1127 1213 1172 casu
1244 1119 1365 1172 servata
1392 1119 1451 1174 ent.
1505 1107 1568 1192 Qui

310 1262 315 1272 ,
393 1210 610 1290 nanosmam
640 1212 734 1278 falsas
764 1212 923 1289 orationes
943 1223 1194 1302 supposuerunt,
1213 1234 1291 1302 quas
1312 1211 1495 1280 Ptolemaeo
1517 1215 1568 1282 vel

395 1318 503 1385 Attalo
520 1315 637 1408 grandi>
650 1320 753 1408 pretio
772 1341 831 1408 pro
849 1317 996 1406 genuinis
1014 1316 1203 1397 venderent,
1223 1341 1258 1384 en
1279 1315 1401 1384 laciniis
1417 1321 1568 1412 antiqua-

393 1447 465 1490 rum
487 1423 666 1490 orationum
686 1423 870 1489 conflabant
891 1445 1001 1502 norae,
1021 1423 1119 1514 idque
1141 1419 1212 1490 tam'
1226 1425 1429 1492 manifestum
1450 1439 1513 1507 est,
1528 1439 1565 1494 ut

392 1530 490 1596 mirer
509 1530 781 1620 quemadmodum
802 1529 836 1595 id
858 1542 980 1598 veteres
1001 1527 1136 1598 criticos
1155 1531 1265 1621 lugere
1284 1533 1444 1621 potnerit,
1471 1517 1567 1598 'Gan-

393 1652 588 1714 urnacnorr,
612 1635 788 1713 Dromon,
813 1632 1017 1712 doceminor,
1041 1634 1243 1714 lironrsronr',
1267 1635 1361 1714 alios,
1384 1636 1441 1726 qui
1460 1638 1565 1702 omnia

392 1763 453 1831 pro
470 1738 723 1804 Demosthenieis
741 1738 855 1804 sedulo
874 1738 1076 1819 lectitarent,
1100 1762 1182 1830 quae
1205 1738 1302 1806 hodie
1321 1741 1482 1808 neminem
1500 1731 1569 1809 falss·

392 1846 476 1910 lunt.
523 1844 696 1924 Falsariua,
730 1845 786 1935 qui
817 1842 994 1910 orationem
1022 1847 1095 1927 πρὸς
1124 1847 1180 1920 τῖον
1201 1847 1347 1921 ἐπιτολὴν
1369 1847 1425 1923 τδρν
1452 1848 1524 1913 dani
1548 1887 1564 1900 -

392 1974 452 2016 που
473 1949 530 2014 illo
546 1949 643 2017 modo
663 1950 843 2029 contexuit,
866 1951 901 2015 in
919 1963 1059 2016 extrema
1077 1950 1219 2016 oratione
1238 1973 1270 2044 p.
1280 1954 1346 2020 158
1353 1998 1363 2032 ,
1386 1956 1435 2018 16.
1454 1965 1561 2020 nostro

347 2129 351 2136 ,
393 2055 467 2121 loco
487 2077 561 2121 usus
579 2066 640 2120 est:
663 2053 751 2128 ἀπας
770 2055 827 2133 μέν
850 2057 896 2124 ἔτι
919 2055 1014 2134 λόγος
1039 2054 1175 2134 μάταιος
1199 2057 1338 2138 πράξειον
1360 2057 1484 2140 ἄμοιρος
1507 2083 1566 2138 νε-

393 2160 535 2240 νθμενος,
562 2159 698 2240 τοσούτῳ
726 2159 758 2224 δὲ
782 2158 909 2237 μάλιςοι
934 2159 948 2222 o‘
973 2160 1060 2240 παροδ
1089 2166 1144 2234 τῆς
1168 2159 1322 2241 ἡμετέροις
1346 2160 1483 2235 πόλεως,
1507 2159 1566 2243 dorp

392 2266 540 2342 δοκοῦμεν
566 2263 651 2342 αὐτῷ
680 2261 913 2343 προχειρότατοι
934 2265 1070 2344 χρῆσθαι
1094 2265 1154 2328 πῦν
1177 2261 1286 2328 ἀλλων
1309 2266 1483 2341 Ἑλλήνων,
1510 2266 1567 2357 qui

394 2365 498 2437 retain
520 2365 712 2445 lectionem,
743 2379 778 2431 ut
805 2366 913 2446 rides,
936 2367 1080 2434 serravit.
1127 2366 1200 2434 Non
1222 2369 1459 2450 conducente,
1487 2373 1567 2462 quin

393 2497 492 2540 unum
513 2474 629 2539 locum
650 2470 764 2537 addam
787 2470 1042 2561 pulcherrimum
1063 2483 1095 2537 et
1115 2473 1368 2555 nobilissimum,
1398 2476 1452 2542 sed
1480 2479 1566 2570 turpi
1668 2512 1687 2532 ·

393 2581 471 2648 uitio
500 2578 642 2644 eiusdem
670 2577 793 2667 generis
817 2573 1012 2644 maculatum
1031 2601 1063 2668 p.
1085 2581 1146 2658 37,
1160 2583 1213 2644 22.
1237 2578 1308 2652 ἴσοις
1329 2579 1368 2645 ἀν
1387 2587 1447 2646 σῦν
1467 2585 1567 2650 ποιοῦ-

391 2708 452 2752 τιον
487 2682 666 2762 λημμάτιιν
703 2681 952 2760 ἀπαλλαγείητε
980 2694 1012 2758 ¹,
1045 2681 1068 2748 ἀ
1097 2691 1162 2756 τοῖς
1196 2685 1355 2749 ἀσθενοῦσι
1388 2685 1475 2766 παρά
1506 2693 1568 2753 σῦν

392 2791 503 2869 ἰατρῶν
528 2787 638 2858 σιτίοις
661 2784 935 2865 διδομένοιςέιικε.
961 2786 1014 2852 καὶ
1039 2786 1101 2869 peip
1123 2785 1227 2852 ἐκεῖνα
1246 2785 1310 2852 οὔτ’
1332 2789 1426 2868 ἰσχὺν
1450 2791 1566 2868 ἕντθθορ-

391 2916 440 2960 σιν
459 2892 529 2957 ,οὔτ’
553 2891 756 2966 ἀποθνήσκειν
782 2891 838 2974 ε’ρῖ,
864 2913 961 2956 nemo
979 2902 1142 2972 nostrum,
1175 2891 1232 2981 qui
1258 2889 1339 2956 haec
1365 2913 1438 2957 cum
1462 2894 1564 2962 admi-

298 2994 302 3002 ’
391 2998 514 3066 ratione
542 2995 692 3085 legimus,
714 3002 782 3059 tam
804 2994 996 3060 inconcinna
1015 3008 1047 3061 et
1066 2995 1219 3087 impedita
1242 2995 1410 3062 verborum
1430 3019 1564 3090 compo-

391 3100 506 3172 sitione
530 3111 616 3166 esset
646 3121 734 3176 usos,
758 3092 855 3189 atque
881 3098 964 3165 hoec
993 3113 1055 3166 est:
1077 3099 1099 3166 ἀ
1125 3109 1189 3174 τοῖς
1208 3101 1368 3165 ἀσθενοῦσι
1394 3104 1481 3184 ποιρά
1504 3113 1564 3172 τῦν

390 3211 502 3289 ἰατρῶν
530 3205 636 3277 σιτίοις
657 3201 825 3282 ,διδομένοις
855 3205 965 3291 ἔοικεν,
1000 3205 1054 3275 ubi
1085 3215 1149 3278 τοῖς
1182 3206 1250 3271 eine
1278 3214 1489 3274 controversia
1520 3211 1562 3276 ad

390 3313 553 3394 διδομένοις
586 3309 742 3389 refertur,
772 3310 827 3376 sed
856 3332 930 3377 eum
951 3314 1128 3377 ἀσθενοῦσιν
1149 3311 1193 3378 ita
1213 3311 1420 3378 coniunctum
1439 3325 1504 3393 ost,
1526 3328 1563 3380 ut

391 3418 502 3484 diuelli
515 3424 584 3482 *noo
603 3415 722 3507 possit,
742 3417 837 3482 etiam
852 3429 1019 3508 propterea
1041 3415 1127 3506 quod
1147 3425 1228 3488 τοῖς
1241 3415 1402 3481 ἀσθενοῦσι
1423 3428 1488 3483 tam
1506 3441 1565 3485 ne·

390 3522 559 3589 cessarium
582 3532 629 3586 est
650 3531 747 3610 atque
767 3526 838 3585 τῶν
861 3517 982 3608 ἰατρῶν.
1035 3519 1117 3603 Quid
1144 3519 1271 3584 multa?
1296 3521 1430 3588 emenda
1451 3521 1473 3589 ἀ
1496 3532 1562 3598 τοῖς

389 3627 478 3709 παροδ
501 3634 559 3694 τῶν
582 3631 693 3709 ὶοιτρῦν
707 3626 824 3709 -σιτθοις
843 3627 1007 3704 διδομένοις
1029 3625 1140 3704 ἔοικεν,
1170 3639 1202 3692 et
1230 3627 1377 3718 relinque
1403 3632 1563 3697 ἀσθενοῦσι

390 3730 442 3798 t'el
468 3741 533 3805 τοῖς
554 3734 736 3798 ἀσθενοῦσιν
757 3731 836 3809 illie,
867 3731 985 3820 quibus
1009 3731 1070 3797 isto
1091 3731 1310 3799 additamento
1331 3759 1410 3826 opos
1431 3755 1497 3802 esso
1517 3737 1565 3801 vi-

390 3859 459 3904 uum
480 3848 528 3903 est
548 3848 603 3910 aut
621 3835 760 3914 videtum
785 3848 817 3902 et
836 3835 1004 3902 Lucmnus
1022 3835 1172 3926 quidem,
1192 3838 1247 3927 qui
1267 3841 1451 3907 memoriter
1470 3841 1564 3908 nobi-

397 4083 443 4183 2¹)
461 4117 555 4167 Melius
580 4115 778 4182 ἀπαλλαγεῖσι.
813 4117 892 4182 Apud
914 4117 1078 4167 Husuctllunt
1100 4117 1180 4168 edilur
1200 4097 1447 4186 nccot'oyaouotqs
1463 4114 1563 4170 Ἀττι·

390 4220 521 4270 κωρηρον.

734 4269 804 4320 ἀλλὰ
820 4268 847 4320 σὲ
866 4270 1032 4320 uidendam
1052 4271 1078 4320 οἱ
1096 4271 1171 4322 daei.

388 4363 456 4409 reete
472 4355 608 4407 emundant
623 4355 871 4422 καταλορισθεῖεν.
889 4356 958 4419 quud
975 4369 1027 4406 non
1042 4361 1079 4406 eut
1095 4353 1280 4424 ἀττιινὼγηρον
1297 4360 1341 4410 sed
1356 4355 1564 4425 Ἀττικιῦτερον.

389 4443 538 4492 Mannum
554 4440 724 4506 fragmentum
738 4447 791 4490 est:
1568 4451 1570 4454 ·

733 4523 785 4590 οῦχ
802 4521 873 4572 ὅθεν
888 4519 1074 4582 ἀπωλόμεσθα
1091 4523 1244 4589 σωθεθιρριεν
1261 4522 1304 4576 ἀν.

391 4609 458 4674 qaod
474 4609 604 4660 ndiuvabis
621 4610 716 4676 duplici
732 4607 875 4662 nominaui
891 4606 1031 4670 scripseris:
1083 4677 1085 4680 Ι

730 4691 786 4759 ὀὐχ
805 4692 876 4744 ὅθεν
891 4690 1077 4752 ἀπωλόμεσθα
1096 4693 1143 4746 atui
1156 4695 1292 4754 σωθεῖμεν
1305 4692 1357 4752 dm·
1422 4749 1444 4758 .,
1509 4725 1510 4730 ι
