3767 5717
1016 611 1057 671 50

435 789 540 864 bitus,
564 807 627 875 quo
654 785 818 861 diximus,
846 782 958 851 Atticis
981 779 1192 867 scriptoribus
1204 781 1370 867 egregium
1395 782 1457 849 erit
1477 786 1626 853 eruenda-

439 894 539 959 tionis
559 891 750 959 subsidium.

484 997 656 1063 Atticorom
679 993 896 1063 imitatoribus
920 993 1114 1070 serenatis,
1133 1010 1271 1079 quorum
1296 1012 1394 1061 eausa
1413 993 1496 1061 haue
1519 996 1628 1085 dispu-

436 1104 593 1170 tationem
612 1103 912 1187 ingressisumus,
943 1099 1078 1177 Morum,
1107 1098 1297 1165 Puatureaus
1323 1100 1506 1187 caeterique
1526 1106 1627 1191 magi·
1744 1122 1745 1171 t

436 1209 497 1275 stri
526 1225 590 1275 oon
612 1226 744 1293 prorsus
765 1204 875 1271 eodum
901 1203 994 1269 modo
1024 1202 1200 1289 proderunt
1229 1202 1372 1271 sedulio
1397 1226 1459 1271 noo
1485 1207 1625 1277 multum

437 1312 600 1383 dissimili.
650 1311 729 1392 Quis
753 1311 841 1375 enim
876 1309 959 1375 sorio
988 1310 1019 1375 io
1050 1308 1194 1375 animum
1220 1308 1373 1375 inducere
1405 1310 1465 1378 sibi
1491 1316 1626 1398 poterit,

435 1438 539 1504 φατ’·
552 1418 626 1485 istis
657 1416 823 1501 magistris
858 1422 925 1481 tam
961 1420 1091 1484 uomet
1127 1423 1290 1499 perspecto
1321 1416 1407 1493 sint,
1434 1436 1470 1483 ea
1495 1417 1625 1485 Luerauo

436 1530 471 1590 et
490 1524 671 1592 tmroaaom
700 1521 885 1605 colignola
911 1525 942 1585 et
957 1517 1112 1587 inaudita
1136 1536 1205 1586 esse
1227 1528 1283 1585 aot
1305 1540 1366 1587 noo
1389 1522 1468 1587 satis
1489 1521 1626 1591 firmiter

434 1627 556 1695 animis
577 1628 749 1711 impressu,
772 1633 808 1694 ut
827 1622 1093 1709 ituprudenteset
1113 1622 1192 1691 alias
1205 1643 1256 1691 res
1270 1634 1401 1709 agentes
1421 1628 1625 1697 immemores

433 1732 554 1799 barum
586 1731 694 1815 legum
718 1731 752 1795 iu
775 1749 902 1797 errores
923 1727 1027 1795 delabi
1061 1729 1233 1813 potuerint.
1281 1730 1401 1815 Ecquis
1426 1735 1547 1819 estqui
1569 1756 1624 1821 pu·
1744 1728 1745 1731 ’

435 1847 485 1903 tet
498 1837 671 1923 magistroe
690 1836 774 1902 seire
791 1834 899 1902 ἄπεισι
918 1833 999 1901 bene
1025 1834 1175 1899 Graecum
1199 1854 1288 1912 esse,
1312 1855 1372 1901 noo
1394 1837 1623 1916 ἀπελεύσεται,

435 1943 592 2009 buermuu
608 1949 640 2007 et
658 1943 868 2010 Auerruuouru
890 1939 1034 2017 nescire,
1057 1938 1106 2007 vel
1127 1938 1220 2005 modo
1233 1941 1434 2019 meminisse,
1459 1943 1553 2012 modo
1572 1946 1624 2011 ob·

433 2047 564 2114 livnci?
590 2047 668 2128 Quis
692 2056 760 2113 tam
778 2055 826 2113 est
849 2056 996 2111 ueterum
1020 2044 1283 2113 membranarum
1303 2046 1408 2131 inepte
1437 2045 1563 2128 lautur,
1588 2059 1625 2117 ut

432 2174 502 2219 non
525 2152 587 2221 boo
613 2151 777 2219 fateatur?
826 2151 860 2216 Si
884 2150 964 2217 mibi
987 2150 1047 2219 hoc
1072 2149 1198 2216 dederis
1221 2149 1370 2217 falsarios
1388 2160 1534 2221 tenemus
1557 2176 1623 2224 mu·

434 2257 580 2325 bifestum
620 2256 759 2329 Eosdem
780 2266 922 2341 arguunt
949 2256 1125 2323 lectionum
1145 2254 1392 2341 discrepantiae.
1439 2260 1624 2329 Memoravi·

436 2384 512 2430 mus
545 2382 643 2451 suoru
667 2361 794 2429 dicendi
822 2363 956 2439 vitium,
991 2381 1055 2447 quo
1078 2360 1226 2429 Graeculi
1258 2381 1316 2446 pro
1346 2364 1443 2449 ἀκροᾷ
1474 2366 1622 2433 dicebant

434 2466 748 2550 dooodccttlelellii
777 2488 830 2533 eos
860 2466 1027 2551 analogiae
1057 2467 1178 2551 species
1201 2466 1234 2531 iu
1254 2465 1424 2547 ἠκρόασαι,
1458 2470 1618 2548 τεθέασαι,

432 2574 624 2656 πεπείρασαι
653 2571 878 2657 similibusque
894 2580 935 2640 ot
966 2570 1155 2641 manifestus
1190 2591 1280 2639 error
1310 2580 1370 2648 est.
1415 2574 1496 2642 Hirro
1520 2575 1620 2659 igitur

431 2680 481 2747 lm
500 2680 714 2748 eleemonis.
728 2676 981 2763 optimu-codice
1010 2676 1253 2752 vindobonensi,
1279 2677 1334 2762 qui
1356 2677 1464 2745 littera
1488 2692 1510 2745 Β
1534 2689 1620 2749 nuta

435 2794 513 2862 tar,
535 2792 621 2856 ,outa
656 2785 819 2869 scriptura
853 2790 913 2851 esi
936 2782 1068 2853 itta-11.
1086 2788 1131 2861 »5,
1165 2782 1353 2861 ἁμιλλᾶται.
1388 2792 1460 2857 ταῖς
1494 2788 1620 2862 delacio

434 2892 584 2967 scoretal
597 2921 605 2966 ρ
634 2900 733 2975 uuam
769 2909 825 2973 pro
860 2908 919 2954 suu
941 2888 1133 2953 Graecitatis
1157 2889 1273 2973 peritia
1297 2888 1473 2956 theueaus
1501 2894 1623 2977 recepit

432 3016 492 3083 pro
512 2996 661 3080 ααιλλρῐ,
678 2994 810 3079 perinde
820 3013 895 3062 osse·
914 3002 1082 3062 aanotuus.
1107 2990 1380 3075 Quemadmodum
1406 2993 1506 3077 igitur
1524 2997 1621 3075 αμιλ-
1743 3056 1744 3081 ³

432 3103 533 3167 λιῖσνιι
568 3106 702 3185 apparet
738 3098 847 3166 debari
883 3098 1038 3168 Graeculo
1067 3097 1108 3165 ad
1142 3097 1324 3184 aequalium
1354 3100 1618 3171 consuetudinem

431 3204 613 3281 emmanu,
645 3205 693 3270 sie
717 3204 899 3271 beurouuom
934 3204 1088 3289 imputari
1112 3224 1173 3269 non
1200 3223 1290 3289 posse
1316 3202 1455 3272 arbitror
1485 3207 1563 3273 vitia
1586 3220 1618 3277 et

432 3329 565 3377 mutes
582 3308 785 3377 huiusmodi:
810 3309 833 3375 l.
858 3314 913 3377 28.
940 3314 989 3387 1,.
1005 3310 1183 3383 amassem.
1210 3311 1342 3393 mago.
1363 3314 1404 3387 4,
1428 3314 1617 3393 προππνέυιν,

431 3416 457 3481 Ι.
478 3419 532 3481 aa.
560 3420 609 3492 1,.
630 3412 751 3496 demde.
799 3414 855 3479 ΙΙΙ.
880 3420 933 3482 51.
956 3420 994 3489 5,
1022 3416 1107 3484 ὀςέα.
1153 3415 1208 3483 Ill.
1235 3418 1538 3497 bdsopouodbsiwt
1562 3440 1619 3505 pro

431 3526 631 3603 προσοφλεῖν.
666 3520 722 3587 lll.
747 3524 801 3585 ab.
825 3524 868 3597 ⁰2,
888 3519 1017 3593 Πνυκός.
1043 3521 1099 3589 ΙΙΙ.
1125 3525 1178 3585 61.
1205 3524 1246 3599 5,
1267 3521 1387 3585 Πνύκα.
1414 3522 1470 3587 ttl.
1499 3530 1549 3589 17.
1576 3530 1617 3603 b,
1664 3587 1669 3600 ,

429 3627 593 3713 casiadei
614 3645 672 3712 pro
691 3625 778 3694 ἄπει.
824 3628 849 3693 I.
873 3630 926 3693 sd.
950 3632 989 3703 1,
1017 3629 1047 3693 ἐν
1066 3631 1264 3708 Μυρρινοῦντι
1282 3644 1339 3711 pru
1363 3626 1511 3693 adverbio
1533 3640 1617 3711 Μυρ.

428 3737 863 3813 ρινοῦνσι,υ1ιῬαρινοῡνσι,
896 3737 1058 3810 'atrociori
1092 3733 1212 3822 (Suara.
1247 3732 1320 3797 Bru.
1352 3732 1385 3797 io
1406 3753 1436 3798 r.
1470 3736 1616 3823 Ἀρναῖος)

429 3837 511 3912 alia,
524 3842 568 3904 ,ἐν
589 3844 786 3920 Μυρρινοῦντι
806 3846 875 3906 tum
894 3859 1029 3924 pravum
1051 3846 1098 3907 est
1116 3858 1152 3907 ue
1174 3839 1200 3905 si
1223 3839 1295 3923 quis
1320 3838 1351 3903 ἐν
1375 3840 1494 3919 Ἰσθμοῖ
1514 3842 1563 3907 vel
1587 3844 1617 3909 ἐν

429 3944 629 4023 Ὀλυμπίασι
644 3942 748 4012 vellet.
768 3944 894 4015 dicere:
919 3964 1020 4027 aeque
1040 3944 1190 4012 vitiosum
1213 3949 1280 4019 est,
1293 3963 1488 4029 quatitquam
1504 3947 1615 4015 multis

429 4066 495 4114 nort
510 4048 654 4127 videtur,
665 4050 696 4115 ἕν
708 4051 882 4129 Μαραθῶνι.
908 4047 931 4113 l.
948 4052 999 4115 25.
1016 4054 1051 4124 1,
1068 4048 1103 4113 τὸ
1122 4047 1211 4128 χρέος
1225 4067 1282 4133 pro
1293 4048 1327 4113 τὸ
1339 4051 1448 4131 χρεών.
1475 4052 1514 4117 Il.
1531 4058 1562 4119 2.
1576 4059 1615 4131 5,

429 4155 661 4232 eouuardrolat
698 4174 755 4239 pro
784 4155 1020 4232 τυμόλλεσθαι.
1063 4152 1103 4219 ΙΙ.
1128 4157 1158 4218 2.
1181 4158 1227 4228 9,
1261 4156 1425 4231 ἀπήλαυνεν
1453 4176 1510 4240 pro
1537 4159 1615 4223 οὶπέ-

427 4273 535 4325 λαυεν.
571 4260 628 4326 lll.
656 4265 686 4325 5.
707 4264 726 4325 5
733 4305 743 4336 ,
766 4260 975 4327 καταλίποιτο
997 4278 1054 4344 pru
1074 4260 1307 4327 καταλείποιτο.
1341 4259 1380 4323 ΙΙ.
1406 4264 1436 4326 t.
1464 4266 1527 4335 15,
1553 4288 1613 4339 yo-

426 4366 705 4444 ςριμανπεύεσθαι,
728 4384 793 4450 qua
827 4363 930 4432 forma
962 4364 1099 4450 pessime
1129 4365 1274 4451 analogia
1299 4364 1528 4448 corrumpitur.
1556 4365 1612 4431 lll.

426 4473 459 4535 5.
485 4475 524 4549 1,
547 4472 707 4553 χρνπίνους
731 4489 789 4555 pro
820 4473 964 4549 χρυσοῦς.
999 4470 1054 4541 ΙΙΙ.
1084 4475 1139 4539 47.
1153 4477 1195 4549 5,,
1220 4471 1273 4535 τὸν
1306 4466 1460 4549 ὑδρορρόαν
1480 4472 1612 4554 pruritu

425 4574 585 4658 ὑδρνρρυήν.
617 4575 922 4655 ἰΙλίᾱ.’κνιτεκρύβην.
959 4576 1014 4643 tlt.
1039 4581 1092 4645 48.
1119 4582 1159 4656 41,
1179 4575 1298 4655 ἀμοιβή
1327 4590 1385 4657 pto
1412 4572 1518 4655 zelote.
1554 4576 1609 4645 ΙΙΙ.

421 4685 479 4753 to.
506 4689 543 4759 1,
574 4682 701 4751 συνδέων
722 4702 779 4768 pru
801 4682 923 4755 συνδῶν.
947 4683 999 4749 ttt
1023 4686 1076 4755 52.
1103 4690 1141 4759 5,
1164 4684 1309 4759 λήσεται.
1338 4678 1447 4767 (reete.
1473 4680 1529 4749 Ill.
1555 4689 1607 4753 70.
