3767 5717
974 595 1039 657 350

424 789 575 860 Eiusdem
605 786 671 851 lare
681 785 821 875 ‘generis
843 803 933 851 error
961 796 1017 851 aut
1037 787 1228 878 negligentia
1252 788 1350 868 inest,
1378 799 1413 854 ut
1432 783 1602 880 suspieur‘,

422 902 454 966 in
477 901 531 972 67,
550 897 585 969 2,
605 895 638 956 2.
660 890 763 973 σιρςίην
787 887 954 956 ἐδικάσατο
983 892 1039 978 (τῷ
1067 892 1179 979 τατρί)
1204 893 1271 976 τερί
1297 893 1494 973 συμβολαίου
1519 919 1601 962 ναυ-

421 1007 521 1074 τικοῦ,
544 994 720 1073 ταλάντου,
743 991 843 1074 οίροαι.
867 995 1002 1076 ὀφείλων
1027 995 1090 1077 γάρ
1117 998 1160 1078 τῷ
1184 997 1285 1086 πατρί,
1306 1000 1361 1062 οὐκ
1383 998 1489 1073 ίίίελεν
1510 1001 1599 1066 ἐκτί-

420 1131 498 1184 νειν,
530 1102 544 1166 ὅ
574 1101 606 1166 δὲ
636 1099 724 1180 νἰαροὶ
751 1099 823 1171 τοὺς
853 1097 1037 1171 ναυτοδίκας
1069 1100 1243 1178 άτηραρεν
1271 1099 1384 1178 αὐτόν,
1416 1101 1469 1166 καί
1499 1103 1596 1192 μόλις

423 1210 559 1291 ἐξέτισεν
585 1205 662 1270 edri
685 1205 748 1268 οὐδ’
771 1201 856 1283 ὅλον,
886 1199 1027 1293 namque
1047 1215 1103 1268 aut
1122 1203 1162 1268 de
1183 1226 1241 1269 suu
1259 1204 1434 1296 appellarit
1455 1208 1597 1274 ναυτοδί-

423 1339 500 1393 κας,
525 1311 584 1401 qui
601 1309 669 1391 τερὶ
693 1314 843 1376 ναυτικῶν
861 1308 1068 1387 συμβολαίων
1091 1306 1286 1388 iudicarent,
1305 1320 1361 1375 aut
1375 1309 1498 1377 diversa
1516 1333 1598 1378 cun-

422 1419 525 1496 ludit,
556 1435 621 1479 nnn
647 1411 734 1480 enim
757 1411 858 1477 luisse
877 1413 912 1476 in
930 1435 968 1478 ea
988 1435 1022 1477 re
1042 1419 1101 1478 τῶν
1123 1416 1306 1480 ναυτοδικῶν
1326 1415 1523 1482 mentionem
1544 1418 1598 1484 la-

423 1631 507 1695 aires
531 1623 713 1690 iudicarent
742 1621 933 1689 Scnunrnnn
958 1622 997 1688 ad
1021 1623 1253 1690 Xrnornosars
1272 1623 1393 1690 librum
1413 1626 1480 1706 περὶ
1501 1651 1599 1709 τροσ-

422 1723 496 1800 'ttae
521 1730 582 1796 lll.
609 1734 641 1794 3.
669 1726 751 1793 mihi
775 1727 907 1818 quidem
937 1727 1116 1821 persuadet.
1169 1728 1263 1818 tpud
1283 1729 1599 1800 llnurocnnrruanu

425 1865 453 1905 r.
482 1834 676 1903 Ναυτσδίκαι
706 1856 724 1898 e
750 1832 901 1900 0111111111
920 1833 1145 1926 psephismatis
1164 1831 1244 1898 haec
1263 1833 1453 1900 afferuntur:
1484 1837 1537 1903 ἐάν
1563 1840 1598 1906 δέ

422 1967 470 2016 τις
493 1942 528 2018 ἐξ
548 1943 671 2022 άμφοῒν
695 1939 790 2017 ξένοιν
813 1943 950 2020 γεγονὼς
973 1938 1151 2022 φρατριάζη
1172 1940 1198 2026 ¹)
1224 1940 1339 2004 διώκειν
1361 1937 1439 2006 είνοιι
1460 1944 1502 2024 τῷ
1519 1944 1595 2021 βου-

423 2046 543 2126 λομένῳ
575 2043 743 2118 Ἀθηναίων
758 2041 826 2116 οἷς
855 2045 960 2110 δίκαι
994 2043 1094 2117 alul,
1123 2042 1305 2123 λαγχάνειν
1335 2045 1368 2109 lt
1395 2056 1437 2128 τῇ,
1462 2045 1513 2130 ἕνη
1539 2047 1595 2114 καί

424 2151 478 2234 νέιρ
500 2149 574 2230 τρδς
599 2147 670 2217 τοὺς
692 2149 895 2222 ναυτοδίκας,
928 2149 964 2214 iu
991 2147 1041 2213 his
1065 2144 1109 2219 οἷς
1135 2146 1218 2211 δίκαι
1240 2149 1301 2212 alui
1322 2161 1508 2240 corruptum
1528 2175 1597 2219 esse

426 2273 538 2320 ornnes
554 2248 665 2316 rident
685 2249 740 2315 sed
764 2250 843 2316 dum
863 2275 974 2318 sanare
993 2262 1150 2318 canantur
1169 2264 1286 2341 augent
1306 2254 1470 2322 morbum:
1490 2257 1516 2323 δι
1536 2281 1595 2324 ns-

426 2373 495 2426 tmn
525 2367 573 2422 est
600 2375 637 2418 ex
667 2354 702 2432 ἐξ
723 2353 842 2420 deinde
862 2368 987 2422 caetera
1006 2369 1126 2423 tumere
1144 2357 1233 2422 fieta:
1263 2355 1393 2448 lege-aqi
1418 2363 1594 2448 βουλομένῳ

424 2462 592 2539 ’Λίηνονίοιν
618 2455 661 2532 οίς
687 2458 788 2537 ἔξεςι,
813 2460 995 2542 λαγχάνειν
1019 2461 1051 2528 δέ
1073 2461 1140 2527 κτὲ.
1187 2459 1337 2542 Scribas,
1360 2464 1430 2553 qm⁸
1445 2464 1488 2540 οίς
1513 2469 1595 2538 δίκαι

424 2568 485 2635 rial
502 2564 679 2643 dederunt,
695 2564 869 2632 absurdum
888 2565 952 2631 huo
967 2589 1034 2632 esse
1050 2589 1158 2656 neque
1174 2567 1330 2646 sentiunt,
1346 2589 1451 2660 neque
1467 2591 1603 2664 stinguo-¹

423 2694 501 2764 pare
516 2681 650 2748 aurant,
663 2669 699 2734 'si
716 2670 815 2736 medo
834 2672 992 2738 uocabula
1009 2671 1128 2738 Graeca
1150 2683 1239 2750 sunt,
1254 2684 1290 2738 ut
1310 2675 1342 2738 in
1364 2673 1599 2769 Ctesepduntea

426 2776 606 2844 Auscurrts
636 2778 751 2861 §182
781 2778 812 2842 lu
839 2787 905 2851 τοῖς
930 2779 1037 2858 δήμοις
1061 2775 1107 2842 ὅτ’
1133 2771 1211 2850 ἦσαν
1234 2779 1268 2842 αί
1294 2779 1499 2862 διαψηφίσεις
1533 2785 1599 2853 due

425 2882 505 2948 boni
530 2881 605 2946 libri
625 2879 815 2948 exhibenti
840 2889 898 2956 τῆς
921 2881 1082 2953 άνοοιδείας
1104 2882 1276 2964 ψηφίσειςι
1300 2903 1338 2948 ex
1357 2893 1600 2956 OTHCANAI-

425 2992 715 3054 ΔΙΛΨΗΦΙΕΕΙΟ.
746 2986 921 3077 Postquam
940 2985 1153 3074 incogitantes
1172 2985 1274 3051 scriba
1297 2985 1311 3052 δ
1332 2997 1388 3064 τῆς
1405 2988 1494 3056 dedit
1513 2997 1601 3084 quod

391 3140 394 3144 -
429 3101 592 3184 supererat
612 3089 893 3172 αναιδιαψηφισεις
920 3086 1042 3156 ‘turnare
1059 3091 1093 3154 in
1111 3091 1270 3163 eleusiniae
1288 3093 1441 3175 ψηφίσεις
1462 3097 1601 3171 refinxit.

422 3199 445 3263 -1
465 3217 553 3261 nuno
577 3207 611 3258 et
632 3190 682 3257 his
701 3193 734 3258 in
753 3215 788 3260 re
806 3195 905 3260 dubia
927 3195 1025 3262 iidem
1050 3193 1142 3262 habe.
1193 3193 1235 3260 Ut
1256 3193 1405 3263 Graeculi
1422 3207 1602 3288 φρατρίζειν

428 3296 582 3368 dicebant
610 3319 670 3387 pro
698 3299 916 3382 φρατριάζειν,
950 3300 996 3364 siu
1029 3297 1182 3382 φράτορες
1210 3300 1415 3389 appellantur
1444 3306 1484 3369 ab
1512 3308 1602 3392 istis,

423 3400 512 3500 tquas
534 3399 665 3470 Veteres
683 3402 845 3486 φράτερας
863 3403 1019 3472 dixerant.
1047 3404 1244 3472 Luculenter
1258 3405 1454 3476 Surruunus
1465 3414 1537 3482 llrz.
1549 3416 1605 3486 l.l.

428 3510 558 3591 ἕλίρρετο
584 3509 616 3574 δὲ
643 3507 767 3592 φράτηρ
792 3509 847 3575 καί
872 3511 1019 3594 φράτορ,
1050 3513 1140 3578 άλλά
1168 3513 1204 3578 τδ
1229 3513 1288 3592 μὲν
1314 3515 1438 3600 φράτηρ
1465 3521 1600 3602 άρχαίον

427 3611 515 3698 μετά
536 3619 594 3690 τῆς
619 3617 716 3680 αὐτοῦ
744 3615 891 3697 κλίσεως,
914 3618 1039 3698 ίάτερον
1059 3617 1094 3682 δὲ
1115 3617 1266 3700 νεοίτερον.
1301 3619 1471 3690 Lucrinas
1488 3642 1601 3716 peccat

430 3740 505 3788 eum
525 3713 659 3787 caeteris
676 3725 714 3800 5,
735 3723 789 3790 43.
813 3719 952 3805 φυλέται
977 3721 1008 3786 δὲ
1032 3721 1085 3786 καὶ
1108 3719 1299 3804 φράτορες
1323 3727 1378 3791 καὶ
1398 3729 1549 3812 δημόται,
1569 3747 1601 3801 et

430 3823 484 3908 17,
502 3822 557 3894 tt.
579 3830 599 3904 ἡ
619 3827 652 3892 δὲ
670 3825 827 3906 ε’λευίερία
846 3825 899 3890 κα)
922 3827 957 3891 τὸ
979 3827 1103 3904 εὐγενὲς
1125 3831 1231 3902 αὐτοῖς
1251 3831 1407 3913 φυλέταις
1427 3838 1482 3902 κα)
1504 3844 1531 3921 φ
1538 3841 1601 3922 902·

427 3955 532 4014 τορσι
558 3928 693 4014 φροῦδα.
741 3928 826 3995 lline
853 3929 974 3996 lautum
1002 3942 1049 3997 est
1074 3931 1111 3996 'ut
1135 3931 1288 4015 φράτερες
1307 3935 1340 4001 in
1362 3945 1504 4008 aeterum
1524 3947 1602 4011 scri·

429 4034 494 4128 ptis
514 4047 639 4100 tanturn
660 4035 729 4099 non
746 4035 866 4125 ubique
881 4035 917 4099 in
931 4035 1095 4118 φράτορες·
1106 4036 1365 4128 depravatl‘siut‚
1383 4047 1472 4135 quod
1491 4050 1602 4120 vitium

431 4164 471 4209 ex
498 4140 664 4208 nonnullis
694 4140 900 4232 scriptoribus
926 4141 994 4206 elul
1020 4130 1170 4234 caeptum
1190 4157 1252 4225 est,
1279 4160 1314 4213 ut
1332 4171 1435 4241 nuper
1453 4175 1470 4222 e
1489 4147 1602 4226 111110-

416 4265 558 4316 ·111111111
587 4245 741 4313 Ilmnonr
769 4248 892 4337 ubique
920 4248 1048 4314 sustulit
1075 4250 1147 4317 ride
1172 4275 1203 4343 p.
1227 4257 1410 4340 1305,19‚
1442 4263 1544 4345 1306,
1567 4270 1602 4348 1,

465 4528 487 4596 t)
504 4530 548 4582 sic
572 4530 629 4594 lege
650 4544 697 4596 pro
720 4527 873 4597 φρατρίζη,
899 4545 959 4580 nam
981 4545 1058 4596 quem
1078 4531 1185 4584 afferunt
1202 4541 1291 4587 testem
1309 4537 1474 4592 sinuatum
1492 4543 1558 4594 Bru.
1577 4559 1601 4593 ν.

433 4617 553 4684 φρατρία
565 4615 717 4666 manentum
732 4615 803 4666 docet
816 4632 892 4682 quam
905 4623 1007 4681 putant:
1027 4619 1186 4687 ρρατρίζενν
1201 4623 1232 4672 τὸ
1249 4623 1289 4680 είς
1305 4621 1394 4691 αὐτὴν
1407 4630 1458 4693 τὴν
1469 4627 1604 4698 φρατρίαν

436 4703 562 4752 συνιέναι.
582 4699 629 4753 καί
646 4702 716 4762 μετὰ
732 4703 781 4751 τοῦ
801 4719 817 4751 α
837 4702 1028 4770 ρρυτριοίζειν,
1052 4702 1133 4772 ὅπερ
1160 4703 1311 4774 σύνηθες
1331 4719 1407 4768 τοῖς
1426 4709 1606 4771 Ἀττικοῖς.
