3767 5717
988 594 1060 658 ,298

442 789 624 872 ᾠδικώτερον
646 786 748 853 ἄλλον
770 785 857 868 belet
879 782 983 875 [Inar]
1006 787 1038 852 ἐν
1062 785 1105 869 aqi
1122 784 1300 867 συμποσίῳ,
1325 787 1392 850 nnn
1411 781 1530 848 dicitur
1545 782 1618 867 ᾄδοι
1687 869 1690 880 .

442 895 574 977 ᾠδικῶς,
599 892 654 959 eed
675 891 778 972 ᾠδικός
800 893 875 968 εἶμι.
919 889 958 956 In
980 894 1111 970 72,12.
1138 891 1189 968 ἥδε
1211 894 1228 967 ti
1252 891 1343 969 γενεὴ
1371 891 1409 978 [οἱ
1429 895 1481 955 νῦν
1501 887 1618 972 ἄνδρα·

441 1001 508 1087 ποι]
541 999 611 1089 quis
640 998 722 1063 ferat
749 997 795 1062 ita
823 995 1011 1062 dicentem?
1046 996 1149 1062 Multo
1174 996 1268 1062 etiem
1292 995 1414 1085 turpius
1433 1006 1500 1076 est,
1524 995 1615 1084 quod

337 1196 339 1199 Ι
438 1103 528 1195 apud
558 1105 784 1170 Tuncrumttre
812 1102 931 1192 legitur
958 1101 1001 1168 Il.
1022 1106 1075 1170 36.
1104 1104 1129 1169 οἱ
1154 1102 1287 1183 πατέρες
1314 1104 1398 1180 ἡμῶν
1421 1099 1613 1180 κτησάμενοι

441 1212 514 1292 πρὸς
538 1206 581 1283 οἷς
605 1209 749 1287 ἐδέξαντο
771 1206 843 1284 ὅσην
869 1207 986 1288 ἔχομεν
1010 1207 1112 1289 σι’ρχὶςν
1142 1208 1196 1272 οὐκ
1219 1205 1340 1278 ἀπόνους
1365 1208 1440 1282 ἡμῖν
1465 1213 1530 1276 σοῖς
1560 1211 1613 1272 νῦν

440 1315 701 1397 προσκατέλιπον.
734 1313 777 1378 σοὶ
803 1314 835 1378 δὲ
856 1313 955 1378 πλείω
985 1315 1083 1388 αὐτῆς
1107 1311 1194 1378 αὐτοὶ
1220 1313 1311 1389 ἡμεῖς
1337 1308 1398 1375 οἵδε
1427 1309 1465 1396 [οἱ
1492 1316 1542 1378 νῦν
1567 1307 1614 1376 ἔτι

441 1419 540 1508 ὄντες]
562 1419 688 1499 neree
713 1421 743 1484 ἕν
765 1429 805 1501 τῇ
831 1419 1022 1502 καθεςνκυίρι
1046 1419 1153 1502 ἡλικίςο
1178 1416 1414 1494 ἐπηυξήσαμεν,
1443 1415 1499 1482 ubi
1519 1415 1616 1482 rerba

443 1528 469 1595 oi
495 1532 547 1592 νῦν
569 1525 614 1592 ἔπι
638 1524 722 1599 ὄντες
750 1525 788 1591 iis
817 1524 891 1591 eolis
919 1536 994 1590 eunt
1022 1525 1133 1604 utilia,
1166 1524 1220 1614 qui
1245 1545 1309 1588 non
1330 1523 1516 1613 intelligunt
1537 1522 1617 1588 baec

440 1630 615 1696 Punrcnrrr
634 1629 741 1695 rivum
762 1630 867 1696 dicere
887 1629 926 1694 ad
950 1631 1032 1698 circs
1052 1653 1141 1710 suos,
1165 1629 1222 1720 qui
1240 1629 1385 1694 nondum
1401 1642 1506 1696 esseut
1525 1651 1614 1694 mor·

439 1736 499 1802 tui.
547 1735 744 1825 Magistellns
773 1736 928 1826 explicuit
956 1737 1062 1827 pueris
1094 1739 1185 1814 ἡμεῖς
1206 1735 1286 1808 οἵδε,
1319 1747 1350 1800 et
1369 1757 1409 1800 ne
1427 1736 1462 1800 id
1481 1734 1614 1825 quidem

440 1841 516 1908 ratis
536 1853 637 1919 recte,
661 1842 737 1931 quia
757 1840 837 1908 haee
857 1842 953 1908 rerba
972 1865 1038 1907 non
1058 1842 1237 1931 significant
1259 1844 1348 1919 ἡμεῖς
1374 1843 1400 1908 οἱ
1425 1847 1475 1906 νῦν
1497 1839 1541 1907 ἔτι
1563 1838 1614 1905 ὄν-

440 1971 511 2025 πες,
535 1946 588 2012 sed
612 1949 702 2024 ἡμεῖς
724 1947 751 2011 οἱ
775 1945 881 2011 ἐνθάδε
902 1946 1066 2028 παρόντες.
1097 1946 1187 2013 Idem
1209 1969 1337 2037 prorsus
1355 1947 1467 2012 ritium
1485 1945 1614 2035 irrepsit

441 2052 476 2117 in
496 2051 682 2118 Dromsmn
700 2051 818 2117 Ilattc.
833 2049 932 2118 Ι1111.
954 2054 1009 2118 26.
1032 2052 1233 2140 Οὐολούσκων
1250 2077 1286 2117 σε
1309 2051 1361 2116 καὶ
1380 2054 1517 2118 Αἰκανῶν
1536 2074 1615 2131 ερα-

440 2157 512 2225 meir
546 2158 670 2239 ἕποίγς,
702 2154 751 2228 οὓς
776 2159 868 2235 ἡμεῖς
896 2155 959 2222 οἵδε
985 2156 1024 2244 [οἱ
1050 2161 1101 2222 νῦν
1122 2156 1223 2245 ὄντες]
1252 2159 1283 2222 ἐν
1304 2166 1441 2229 πολλαῖς
1467 2159 1613 2234 ἐνικῶμεν

442 2262 582 2344 μάχαις.
616 2265 655 2330 In
681 2262 833 2328 Luctttto
857 2265 913 2340 10,
935 2264 990 2339 15,
1012 2267 1042 2329 3.
1066 2262 1136 2346 ὁρᾷς
1162 2269 1221 2328 τῶν
1244 2262 1371 2344 ἑταίραν
1397 2259 1460 2328 ὅσοι
1480 2260 1549 2342 περὶ
1579 2261 1614 2328 σὲ

442 2371 536 2448 ἐσμὲν
565 2367 644 2443 uider
670 2367 755 2434 male
774 2365 875 2434 codd.
897 2367 1026 2457 quidam
1049 2364 1119 2445 ὦδε,
1142 2367 1300 2457 probante
1319 2366 1525 2445 lucubrante,
1552 2365 1617 2432 iru-

441 2473 650 2568 probantibur
679 2473 821 2563 reliquie.
870 2473 964 2564 dpud
992 2473 1174 2540 Lucutttttt
1192 2479 1252 2556 78,
1274 2477 1323 2540 ll.
1352 2475 1473 2540 derdere
1504 2467 1611 2562 [εἶναι]

442 2582 543 2648 καλαί
563 2591 667 2646 certus
687 2578 816 2645 dicendi
836 2601 909 2644 usus
926 2579 1123 2644 infinitivum
1143 2579 1274 2670 respuit.
1318 2580 1358 2653 Et
1380 2579 1460 2645 baec
1482 2576 1615 2667 quidem

442 2697 518 2752 sunt
545 2685 718 2775 insigniore
747 2685 958 2764 emblemata,
994 2699 1080 2775 'quae
1107 2685 1140 2750 in
1170 2686 1320 2752 Lucrino
1350 2683 1616 2777 deprehenderim

442 2803 570 2882 praeter
590 2815 642 2870 ea,
673 2814 755 2881 quae
777 2792 810 2856 in
830 2791 1046 2882 superioribus
1066 2793 1181 2881 passim
1202 2791 1349 2858 indicari.
1392 2790 1494 2880 Saepe
1519 2790 1616 2856 mIre·

444 2910 496 2963 tus
516 2921 587 2964 sum
604 2898 743 2962 virorum
759 2896 927 2962 doctorum
945 2897 982 2964 In
995 2896 1061 2961 istis
1077 2897 1263 2965 excusandis
1273 2898 1495 2988 pertinaciam.
1522 2895 1617 2979 Quasi

443 3003 555 3094 religio
584 3015 664 3069 esset
685 3027 723 3068 ex
744 3002 845 3071 codd.
867 3003 1017 3093 qualibus
1039 3001 1160 3067 utimur
1183 3004 1360 3099 quidquam
1381 3003 1507 3080 delere,
1536 3023 1616 3091 quoa

445 3120 579 3194 constet
596 3108 680 3173 inter
709 3130 819 3173 omnes
847 3108 1025 3198 antiquitus
1051 3107 1114 3171 iam
1141 3107 1394 3174 mendosissImor
1424 3109 1537 3186 luisse,
1569 3107 1616 3173 ita

443 3212 640 3304 ineptissima
657 3233 818 3302 quaeque
845 3211 988 3278 uindices
1016 3211 1186 3278 acerrimos
1206 3214 1346 3280 nancisci
1366 3215 1488 3292 solent,
1517 3213 1614 3278 etiarn

444 3318 556 3384 doctus
575 3339 819 3407 nonnumquam
840 3329 872 3383 et
890 3329 984 3383 rente
1003 3329 1178 3384 cernentes.
1224 3317 1262 3384 In
1285 3319 1483 3387 Taucrnrur
1502 3317 1539 3384 V.
1561 3323 1618 3385 83.

442 3423 564 3490 editur:
587 3423 778 3505 ε’ςροίπευσαν
800 3424 830 3494 ἐς
854 3423 889 3488 πὸ
908 3423 1081 3503 “Apport-
1101 3426 1224 3505 ὑπῆρχε
1242 3425 1273 3492 δέ
1297 3451 1327 3492 σι
1353 3430 1458 3498 αὐτοῖς
1482 3423 1534 3489 καὶ
1567 3424 1617 3514 [ἐκ

442 3535 496 3595 ποῦ
522 3526 674 3615 Ἄργους]
704 3525 830 3591 αὐτόθεν
853 3525 1083 3608 πρασσόμενον,
1123 3529 1180 3593 ubi
1208 3531 1332 3621 puerile
1361 3531 1614 3597 additamentum

443 3638 478 3701 ἐκ
500 3640 554 3701 ποῦ
576 3635 714 3714 ’Ἄργους
746 3653 944 3721 quamquem
974 3641 1006 3697 et
1035 3654 1072 3696 er
1100 3655 1133 3698 ee
1161 3634 1266 3724 ipsum
1295 3635 1437 3724 arguitur
1462 3646 1494 3699 et
1520 3634 1616 3724 plane

444 3739 615 3806 conficitur
645 3734 777 3802 scholio
805 3735 978 3802 αὐποοεντ
1010 3738 1045 3801 ἐκ
1075 3743 1129 3802 ποῖι
1159 3739 1313 3820 Ἄργους,
1336 3753 1450 3830 ¹tamen
1474 3741 1615 3806 lautores

444 3846 553 3914 habet.
600 3843 638 3908 In
657 3841 881 3909 Dertosrttm
900 3864 932 3931 p.
958 3845 1031 3923 147,
1054 3846 1082 3907 1.
1105 3842 1144 3908 ἂν
1167 3845 1224 3922 μὲν
1245 3847 1333 3925 ὑμεῖς
1355 3848 1548 3926 ὁμοθυμαδὸν
1568 3848 1615 3936 [εἰς

318 3973 329 3998 t
442 3955 520 4031 μιᾶς
536 3947 677 4033 γνώμης]
694 3946 849 4010 Φιλιππου
864 3946 1038 4025 ἀμύνησθε,
1057 3948 1192 4014 Lauren
1210 3949 1249 4015 ad
1263 3951 1490 4018 Pnnrrucnun
1501 3943 1617 4042 pret.

445 4053 645 4122 emblematis
663 4050 878 4141 patrocinium
897 4052 1039 4143 suscipit.
1079 4054 1348 4124 trienninm
1367 4059 1466 4124 mirer
1486 4059 1526 4124 ad
1549 4059 1616 4125 Ηι-

446 4177 606 4227 ncnorurt
624 4157 681 4225 IV.
703 4161 778 4224 135.
803 4156 1030 4224 defendentem
1051 4169 1083 4224 et
1103 4171 1247 4228 tuentem
1268 4164 1301 4228 in
1323 4163 1455 4232 Helkn.
1477 4164 1550 4232 tlt.
1572 4185 1616 4234 tt.

445 4272 498 4336 36.
522 4269 553 4332 ἐν
579 4275 618 4348 τῇ
642 4263 753 4347 Τεγέα
775 4265 872 4328 αὐτοῦ
899 4275 931 4328 et
951 4278 1189 4355 comparantem
1208 4271 1310 4336 αὐτοῦ
1330 4271 1474 4345 Ἀθήνησι
1505 4271 1616 4338 Turo-

444 4391 547 4444 rcrrrr
571 4370 697 4436 Arnen.
718 4365 788 4433 xtt
807 4391 840 4456 p.
858 4371 923 4434 532
943 4387 974 4437 c.
996 4395 1016 4435 π

444 4481 567 4567 λειπεν)
589 4477 749 4552 Ἀθήνησι,
775 4484 807 4538 et
834 4473 980 4541 Luctant
1002 4477 1098 4543 rerba
1119 4482 1154 4556 7,
1175 4485 1205 4548 8.
1229 4479 1288 4552 σας
1309 4479 1443 4553 ciereinde
1468 4481 1619 4574 ederet·

418 4588 547 4657 ἀὐτοις
574 4577 772 4660 συμποτικὰς
804 4580 900 4654 οὔσας
931 4582 995 4664 χρὴ
1023 4585 1120 4650 ιιιίσοῦ
1145 4587 1177 4652 ἐν
1202 4587 1244 4666 σῷ
1272 4586 1435 4670 συμποσίῳ
1464 4585 1618 4652 eurenai-

448 4713 535 4768 πειν,
568 4686 687 4777 quibua
715 4685 816 4752 multa
843 4688 959 4756 rianilia
984 4691 1021 4756 οι
1041 4687 1168 4756 Graecia
1187 4702 1220 4756 et
1237 4689 1392 4757 Romanis
1410 4689 1620 4781 scriptoribne
