3767 5717
841 599 903 667 201

278 796 387 890 ponit,
402 796 516 869 σκέλος
536 797 767 877 τετρασκελής,
797 795 862 871 δέος
886 796 995 872 ἀδεές,
1021 797 1110 870 κλέος
1128 798 1275 875 εὐκλεής,
1297 798 1358 863 alia
1382 822 1454 865 ser-

279 917 385 971 nentn:
412 924 484 969 mox
507 902 625 992 legitur
642 904 757 975 λεττὸς
781 900 867 981 ἀναν
889 912 955 968 τοῖν
978 910 1119 986 σκελοῖν,
1142 903 1249 967 neseio
1271 903 1356 969 unde
1373 902 1454 971 haee

278 1011 377 1077 lectio
403 1022 476 1075 nata
506 1008 619 1087 suerit,
651 1008 705 1075 sed
735 1030 830 1072 nemo
856 1019 1021 1097 umquam'
1037 1007 1128 1074 aliter
1148 1028 1244 1096 quarn
1268 1012 1384 1083 λεπτὸς
1409 1014 1451 1076 τῶ

280 1116 376 1191 σκέλκ
404 1115 510 1207 potuit
537 1114 654 1180 disere.
701 1113 831 1199 1:153.
857 1113 1040 1192 Αἰγυπτίας
1071 1114 1261 1179 emendetur
1285 1114 1320 1178 in
1349 1118 1452 1195 Αἰγυ-

279 1222 401 1296 ττέοις,
420 1245 485 1287 non
507 1232 554 1287 est
573 1221 659 1287 enim
678 1220 740 1285 alia
758 1219 876 1285 Graeea
897 1218 1066 1296 nobilitas,
1083 1218 1145 1283 alia
1163 1220 1374 1311 Aegyptiace,
1394 1223 1451 1289 sed

279 1325 340 1390 alia
362 1338 436 1392 sunt
455 1318 853 1405 α111οεύγενε1αςσκμὲῖατ
874 1336 942 1389 tum
960 1323 995 1388 in
1015 1324 1119 1390 verbis
1138 1327 1362 1405 ἀναδουμένους
1377 1352 1452 1409 κριο-

277 1430 378 1511 βθλον
403 1434 460 1498 ὑπὸ
482 1432 607 1511 τέττιγι
624 1432 731 1513 χρυσῷ
751 1430 994 1509 ἀνειλημμένον,
1021 1429 1157 1497 solemni
1177 1454 1282 1497 errore
1301 1434 1453 1513 ἀνειλημ-

277 1536 367 1615 μένον
382 1537 541 1603 dederunt
559 1559 618 1627 pro
628 1536 838 1619 ἀνειλκμένον,
854 1536 958 1602 crines
976 1536 1008 1600 in
1025 1538 1147 1603 nodum
1163 1540 1452 1629 retorquebantur,

277 1642 465 1711 ἀνειλοῦντο.
515 1644 553 1709 lu
574 1646 592 1729 §
616 1644 666 1708 19.
691 1642 816 1707 ἕτειδάν
843 1643 886 1714 εἷς
913 1638 948 1705 σέ
972 1632 1110 1724 ταρέλθρ
1130 1645 1147 1718 ἦ
1169 1646 1266 1724 εὐχή,
1293 1642 1452 1733 quidquid
1490 1647 1496 1653 ’

278 1744 316 1809 fit
335 1768 394 1836 per
414 1749 498 1815 rioes
517 1748 635 1813 dieitur
651 1745 797 1826 τεριιέναι
815 1758 846 1811 et
867 1745 1091 1835 corrigendum
1108 1748 1261 1833 τερρέλθρ.
1294 1748 1452 1814 lltnouo·

279 1868 337 1918 tus
369 1852 422 1919 Vl.
444 1856 519 1921 111.
553 1856 591 1927 ῶς
623 1852 654 1917 δέ
683 1852 714 1923 ἐς
740 1851 852 1915 ἐκεῖνον
884 1852 1029 1931 περιῆλθε
1058 1854 1074 1927 ἦ
1099 1854 1289 1933 σρυτανιρῖκ,
1325 1854 1356 1919 id
1385 1866 1451 1934 est,

279 1959 484 2039 septentrione
511 1954 597 2033 ἧκεν,
629 1967 662 2023 et
690 1955 735 2020 sie
765 1954 936 2021 Locutus
955 1955 1022 2045 ipse
1042 1955 1187 2046 loquitur
1213 1960 1269 2037 10,
1294 1962 1349 2037 11,
1371 1964 1401 2025 2.
1424 1964 1451 2026 οἱ

280 2068 386 2142 κλῆροι
407 2064 449 2135 εἰς
469 2062 617 2141 Εὐνόμιον
642 2061 692 2127 καὶ
717 2061 908 2141 Θρασυκλέα
931 2063 1102 2141 περιῆλθον.
1129 2074 1161 2128 et
1180 2066 1238 2142 70,
1261 2068 1291 2130 2.
1316 2062 1391 2130 ὅταν
1410 2067 1453 2137 εἷς

279 2166 393 2232 ἐκεῖνον
417 2169 435 2243 ἦ
459 2168 543 2248 ἀρχθρ
567 2166 708 2249 τεριέλθρ
726 2176 759 2230 et
780 2165 850 2231 altis
869 2166 960 2231 loeis.
1007 2164 1045 2230 In
1069 2169 1087 2253 §
1106 2172 1161 2235 20.
1184 2170 1227 2234 τθι
1248 2169 1316 2251 περὶ
1336 2172 1371 2235 τὸ
1390 2169 1453 2238 niso

280 2269 390 2337 τιάντοι
421 2270 584 2348 ἀννσάμκν
616 2271 699 2345 τλθρν
734 2268 794 2335 έσα
826 2271 948 2349 Ἰσθμοῖ
981 2270 1034 2334 καὶ
1064 2274 1170 2339 Πυθοῖ.
1206 2272 1343 2339 ridicula
1374 2271 1454 2339 haee

280 2376 377 2443 lentio
398 2374 479 2441 nihil
496 2373 593 2439 habet
613 2374 646 2440 in
665 2374 755 2463 libris
776 2373 939 2465 praesidii,
959 2376 1127 2467 inquibus
1146 2390 1194 2444 est
1213 2376 1271 2444 έσα
1286 2380 1338 2443 καὶ
1355 2382 1453 2454 λιθοῖ,

280 2479 339 2548 ὅσα
359 2482 452 2575 θύμον
476 2480 528 2544 καὶ
553 2480 640 2545 λίθοι.
690 2480 868 2546 drausnos
895 2480 984 2545 dedit
1014 2482 1055 2551 de
1076 2505 1133 2548 suo
1156 2479 1216 2548 ἀσα
1241 2482 1371 2563 ψάμμοι
1398 2486 1451 2551 καὶ

280 2586 367 2652 λίθοι.
391 2583 562 2650 Sanissima
586 2583 711 2650 ridetur
731 2584 826 2651 lentio
842 2582 998 2651 Codicum
1020 2596 1087 2651 ΜΔ
1102 2584 1164 2651 ὅσα
1179 2584 1273 2665 θέμιν
1291 2587 1343 2651 καῖ
1364 2588 1452 2655 λέθοι.

280 2692 466 2759 Plom'tiem
493 2712 660 2757 amoenam
688 2702 719 2756 et
746 2713 809 2755 non
830 2691 969 2757 sterilem
991 2705 1134 2758 emturus
1154 2704 1221 2757 erat
1243 2690 1453 2773 Adimantus,

280 2809 407 2867 montes
428 2820 492 2863 non
514 2808 604 2863 curat
623 2796 756 2876 hahere,
779 2808 946 2888 poteratne
965 2797 1063 2887 igitur
1083 2796 1211 2864 suavius
1233 2797 1340 2863 dioere
1356 2822 1452 2889 quam

280 2906 364 2979 nair
392 2900 450 2969 θσα
473 2903 566 2983 θθμον
587 2904 640 2967 καὶ
671 2904 773 2969 aldor?
805 2926 877 2969 mox
898 2926 957 2994 pro
977 2904 1030 2969 καὶ
1055 2906 1086 2969 έν
1114 2907 1270 2969 Ἐλευσῖνι
1301 2904 1372 2996 lege
1399 2908 1451 2972 καὶ

280 3013 456 3082 Ἐλευσῖνι,
491 3019 527 3072 ut
555 3008 739 3087 Μαραθῶνι,
772 3014 975 3089 Ῥαμνοῦντι,
1008 3011 1155 3084 Σικυῶνι,
1191 3032 1273 3100 quae
1298 3011 1453 3077 adverbia

280 3126 354 3180 sunt
377 3112 463 3179 haud
484 3132 572 3179 senus
593 3124 689 3202 atque
717 3118 881 3198 Σφηττοῖ,
906 3116 1041 3193 Ἰσθμοῖ,
1070 3113 1161 3190 οἶκοι,
1191 3116 1301 3190 Πυθοῖ,
1325 3118 1453 3193 ’Allon-

280 3242 329 3291 σι,
371 3219 530 3297 Θήβησιν,
565 3218 801 3300 Ὀλυμπίασιν,
843 3242 927 3310 quae
956 3243 1022 3285 nou
1051 3219 1151 3309 magis
1183 3221 1453 3310 praepositionem

280 3323 455 3389 admittunt
483 3342 581 3412 quam
611 3325 797 3402 Μαραθῶνι,
833 3328 1017 3402 Ἀννοῦντι,
1051 3324 1122 3390 alia.
1175 3325 1328 3392 Librariis
1362 3328 1455 3393 aliter

280 3432 402 3509 risum,
430 3429 487 3519 qui
507 3427 622 3520 passim
642 3429 673 3492 έν
695 3428 735 3493 de
757 3450 813 3494 suo
833 3428 1018 3495 inferciunt.
1066 3428 1256 3521 Saepissime
1276 3432 1398 3498 ridebis
1419 3434 1454 3498 in

281 3536 371 3603 libris
388 3537 544 3599 Ἐλευσῖνι
564 3544 595 3598 et
615 3534 645 3597 έν
669 3536 824 3599 Ἐλευσῖνι
847 3536 1021 3612 alternare,
1044 3538 1212 3618 Μαραθῶνι
1235 3549 1266 3602 et
1287 3541 1317 3602 ἐν
1338 3547 1453 3619 Μαρα-

281 3642 363 3716 θῶνι,
390 3638 514 3705 similia.
560 3638 598 3703 ln
620 3638 803 3727 Equt'lidus
825 3664 868 3705 rs.
890 3645 966 3707 778.
1264 3639 1267 3645 ’

281 3790 285 3799 ·
347 3746 384 3811 σὺ
409 3747 471 3828 γὰρ
495 3743 526 3818 ὃς
551 3746 683 3821 Μήδοισι
708 3734 867 3829 διεξιφίσω
892 3746 1041 3827 περὶτῆς
1065 3749 1170 3828 χώρας
1193 3749 1381 3829 Μαραθῶνι,

280 3852 419 3943 optimus
432 3850 540 3919 Codex
551 3852 735 3918 Ravennae
750 3853 780 3916 έν
794 3852 952 3933 μαραθῶνι
969 3851 1123 3941 scripturn
1140 3850 1252 3931 habet,
1267 3856 1454 3919 etrel331,

280 4002 284 4009 ·
348 3966 404 4031 τῆς
430 3958 492 4038 γὰρ
517 3957 635 4030 πόλεως
660 3956 738 4035 ἀξια
760 3942 910 4038 ντράττεις
934 3955 987 4020 καὶ
1011 3962 1066 4021 τοῦ
1085 3959 1252 4038 Μαραθῶνι
1271 3959 1430 4038 τροπαίου.

281 4065 465 4131 Ravennae
487 4062 584 4127 habet
603 4065 841 4144 τοῦμμαραθῶνι
850 4110 860 4141 ,
888 4062 927 4126 V
925 4070 1039 4126 enetos
1059 4067 1114 4126 τοῦ
1129 4065 1155 4125 ’ν
1170 4064 1345 4143 μοιραθῶνι,
1366 4063 1455 4128 simi-

280 4170 355 4235 liter
378 4166 411 4231 in
433 4166 472 4229 V
469 4171 577 4257 aspie,
601 4188 646 4232 rs.
667 4170 743 4232 711.
792 4166 863 4250 Quo
890 4168 960 4233 iure
991 4167 1242 4232 damnaturus
1268 4168 1454 4235 emendatus

281 4286 347 4354 est,
370 4270 485 4339 eodem
517 4272 550 4335 in
583 4293 691 4335 ornnes
720 4271 875 4337 utendum
906 4285 938 4338 et
964 4275 994 4338 ἕν
1017 4275 1203 4356 Μαραθῶνι,
1226 4275 1255 4337 ἕν
1275 4277 1450 4349 Ἐλευσῖνι,

281 4378 414 4458 similia,
446 4378 586 4469 primurn
608 4375 639 4439 iu
665 4375 839 4442 Atticorum
860 4374 1004 4467 seriptis,
1038 4374 1155 4441 deinde
1176 4377 1208 4441 in
1234 4376 1452 4442 Atticistarum

282 4482 321 4548 ad
351 4494 490 4550 veterem
519 4478 674 4573 loquendi
703 4503 795 4545 usum
826 4483 946 4575 ubique
970 4482 1151 4574 refingenda
1174 4494 1255 4549 sunt.
1302 4482 1380 4567 ln1§
1401 4486 1454 4549 22.

236 4662 238 4669 y
283 4588 369 4662 ἕσθθς
392 4588 558 4673 ἀλουρνίς,
584 4588 655 4677 lege
674 4586 842 4666 ἀλουῖῖές.
864 4588 1013 4669 ἀλουργέι
1034 4589 1267 4657 substantivum
1285 4598 1347 4665 est,
1366 4588 1455 4677 quod

281 4691 437 4782 signifieat
457 4695 597 4775 ἀλουρνῆ
618 4693 744 4767 ἐσθῆτα.
794 4690 831 4757 ln
853 4694 871 4777 §
893 4696 945 4759 28.
968 4695 1007 4767 ῶς
1031 4694 1151 4766 ἐκείνων
1173 4697 1246 4777 πρὸς
1270 4694 1353 4760 οὐδὲν
1377 4695 1454 4757 ἀνα-

1228 4810 1256 4853 ιο
