3767 5717
874 580 937 643 211

305 796 392 852 οων,
413 778 453 848 dr
473 774 669 854 πολεμήσων.
707 771 934 864 Exemplorum
953 773 1073 840 affatim
1088 784 1136 839 est
1152 770 1237 865 apud
1257 794 1382 850 omnes,
1398 785 1495 838 nemo

303 890 432 953 contra
452 882 508 954 ὥς,
530 874 611 953 ὅπως
634 889 689 945 sut
708 879 811 946 simile
832 879 911 969 quid
931 901 1006 949 cum
1025 878 1306 961 παρασκευάζομαι
1327 876 1495 943 coniunxit

300 1010 480 1079 umquam.
528 984 612 1070 Quid
645 985 742 1075 igitur
773 986 861 1052 aliud
896 986 1066 1053 Lucrinus
1095 986 1233 1051 scribere
1261 986 1367 1074 potuit
1398 1004 1495 1074 quam

300 1096 344 1166 ὡς
386 1085 650 1171 ε’πιβαλούνπωνί
684 1092 775 1157 scioli
805 1092 842 1159 ad
868 1104 998 1183 captum
1019 1113 1113 1157 suum
1133 1103 1338 1157 correxerunt
1361 1089 1495 1155 scilicet.

302 1196 346 1263 In
371 1186 470 1285 526.
490 1197 535 1275 μὴ
555 1194 568 1259 i
588 1204 672 1267 σῖτος
690 1196 790 1279 ’Φθειρὶ
812 1197 901 1280 ζέορ,
921 1196 1016 1262 nihili
1035 1207 1082 1263 est
1102 1196 1190 1287 quod
1210 1195 1388 1261 Bsdxrnus
1407 1216 1497 1261 rece·

301 1305 358 1395 pit
383 1302 536 1387 φίειρίζρ.
555 1299 762 1383 φίειρίζεοίαι
784 1313 831 1367 est
850 1302 1020 1381 οίναλένειι
1039 1302 1111 1373 τοὺς
1126 1303 1256 1387 φθεῖρας
1273 1299 1326 1364 καὶ
1342 1302 1494 1381 ἀναιρεῖν,

301 1410 363 1477 hic
395 1408 488 1474 locus
512 1404 647 1496 requirit
675 1406 796 1489 φίειροὶ
827 1407 911 1490 ζέορ.
960 1405 999 1471 In
1030 1409 1048 1491 §
1078 1410 1131 1473 32.
1160 1405 1197 1469 τὸ
1227 1405 1272 1487 μὴ
1306 1411 1361 1470 τοῦ
1398 1407 1495 1469 αὐτοῦ

302 1515 393 1583 οίνου
418 1511 597 1591 συμπίνειν,
614 1534 674 1602 pro
694 1511 858 1589 συμπίνειν
883 1511 1168 1589 correxerimduir
1189 1510 1299 1575 πίνειν.
1346 1509 1385 1574 Ιιι
1405 1512 1423 1593 §
1444 1512 1497 1574 36.

302 1619 474 1687 ἰσοδίαιτον
497 1618 671 1689 adierim
691 1618 729 1687 ὥς
750 1615 788 1680 ἂν
808 1616 886 1694 μηδὲ
909 1618 962 1681 τὸν
984 1616 1149 1691 πυνδαίτιρν
1167 1616 1263 1680 αὐτὸν
1289 1613 1498 1680 αἰτιάσασθαί

302 1748 351 1789 τι.
388 1722 563 1797 Συνδαίτνς
594 1744 631 1789 er
662 1720 850 1787 Graecitatis
876 1745 953 1811 gaza
978 1721 1196 1787 obiiciendum
1221 1732 1279 1786 est.
1324 1718 1440 1793 Scribe
1457 1719 1496 1791 ὥς

308 1826 354 1895 ἂν
379 1828 459 1907 μηδὲ
481 1828 532 1893 τὸν
558 1827 728 1903 Ἰσοδαίτην
750 1827 855 1893 αὐτόν.
890 1828 1062 1904 Ἰοοδαίτιρς
1082 1835 1129 1893 est
1150 1826 1271 1905 ξενικόο
1287 1813 1340 1897 ‘ric⁵
1363 1824 1497 1901 δαίμων,

305 1926 331 2013 ᾧ
359 1932 406 1999 τα
433 1933 554 2011 δημώδη
580 1932 697 2012 γύναια
720 1933 773 1997 καὶ
798 1933 842 2012 μέν
868 1933 950 1997 ποίνυ
975 1934 1133 1999 σπουδαῖα
1156 1932 1273 2009 ἐτέλει,
1297 1941 1377 1995 testa
1401 1928 1524 1993 Hsu·.

306 2053 532 2107 pneumatis.
567 2035 616 2103 Ne
633 2036 730 2127 longe
749 2036 933 2103 arcessitum
954 2035 1016 2102 hoc
1031 2058 1149 2102 numen
1165 2046 1258 2125 putes
1275 2034 1426 2123 inspice§
1440 2038 1495 2101 32.

308 2204 313 2213 .
364 2142 405 2209 In
427 2134 622 2233 lepidissimo
647 2139 804 2209 Convicio
823 2166 881 2209 seo
902 2143 1066 2233 Lapithis
1086 2146 1144 2221 71,
1163 2145 1193 2207 7.
1213 2142 1294 2207 πολὺ
1315 2141 1350 2205 τὸ
1370 2140 1496 2219 κόσμιον

306 2248 504 2331 ἐπιφαίνων,
540 2246 642 2311 scribe
670 2247 832 2329 ἐμφαίνων
861 2259 894 2313 et
922 2251 940 2332 §
974 2252 1006 2314 9.
1036 2250 1064 2314 εἰ
1097 2246 1151 2312 καί
1183 2245 1278 2326 μηδὲν
1308 2243 1408 2326 ἕτερον
1435 2267 1495 2334 pro

307 2351 410 2433 μιρδέν
439 2376 483 2417 τι.
531 2349 569 2417 In
599 2354 617 2437 §
650 2354 702 2417 16.
733 2351 935 2429 irrisionis,
971 2349 992 2417 ὦ
1026 2352 1238 2433 καθέρματα,
1273 2352 1298 2415 εί
1324 2359 1364 2431 τῇ
1386 2349 1496 2431 νύμφῃ

308 2455 460 2537 προῦπιον
483 2454 533 2521 ἐπὶ
556 2461 609 2520 τοῦ
635 2455 784 2535 ἡμετέρου
807 2456 873 2521 θεοῦ
894 2460 949 2521 τοῦ
971 2455 1172 2537 Ἡρακλέους.
1208 2454 1277 2519 Nisi
1296 2452 1375 2518 haec
1394 2453 1497 2543 scrip·

310 2572 387 2626 tura
414 2557 640 2625 emendabitur
662 2557 836 2622 sollertiam
859 2570 890 2622 et
912 2579 1047 2623 acumen
1067 2558 1251 2623 criticorum
1276 2557 1382 2623 vincet
1403 2557 1497 2624 rino·

309 2688 369 2733 sus
385 2663 580 2741 monachus,
598 2664 655 2751 qui
673 2661 713 2727 ad
734 2660 844 2739 rerba,
863 2682 948 2751 quaa
967 2661 1066 2752 pauio
1085 2673 1158 2727 anta
1174 2661 1343 2751 leguntur,
1359 2662 1493 2744 προπίνω

309 2796 364 2837 ποι
394 2769 583 2850 Ἡρακλέους
613 2766 812 2848 ὥρχιρρέπου,
848 2766 943 2833 nimis
977 2767 1121 2857 lepidum
1154 2766 1301 2832 scholion
1328 2767 1496 2858 adscripsit

309 2875 432 2945 hocce:
458 2871 566 2939 σκέπει
590 2872 647 2947 τίον
669 2870 828 2949 σύνταξιν.
856 2873 1024 2953 προπίνω
1049 2896 1107 2937 σοι
1133 2873 1367 2954 Ἡρακλέους
1392 2875 1496 2955 ἄρχω·

309 2978 446 3058 patrio,
471 2974 485 3042 ὃ
511 2981 564 3043 νῦν
586 2979 769 3058 οίρροικικῶς
793 2976 916 3059 Φαμέν·
943 2978 997 3049 οἷς
1022 2978 1090 3052 τὴν
1108 2978 1328 3059 πρεσβείαν
1348 2977 1492 3054 rottei

309 3084 371 3155 οἷς
408 3084 477 3157 τὴν
515 3081 685 3160 ὑγίειαν.
722 3080 771 3147 δεῖ
803 3082 866 3164 γαρ
900 3082 1021 3162 λέγειν·
1051 3083 1217 3165 προπίνω
1246 3107 1303 3149 σοι
1330 3089 1398 3156 τῆς
1423 3089 1493 3156 τῆς

310 3185 463 3267 ὑγιείας
493 3186 510 3262 ἢ
542 3187 712 3269 προπίνω
745 3187 946 3265 βασιλέως
982 3188 1212 3269 scordiscos?
1243 3189 1407 3273 προπίνω
1433 3212 1493 3254 σοι

310 3293 465 3375 Μαρίας
493 3301 561 3368 τῆς
589 3291 771 3359 ίοοτέκου
798 3292 851 3359 καὶ
878 3294 1012 3362 ἐπὶτῶν
1038 3293 1144 3360 ἄλλων
1169 3295 1290 3375 ὁμοίως.
1338 3296 1494 3361 Facetum

313 3397 540 3488 estimprimis
564 3410 595 3463 ct
615 3398 680 3464 iilis
700 3398 898 3486 temporibus
919 3420 957 3463 ac
975 3400 1118 3466 moribus
1137 3400 1270 3491 dignam
1288 3402 1423 3482 προπίνω
1445 3424 1492 3466 οοι

311 3502 441 3582 Μαρίας
473 3510 529 3576 τῆς
559 3503 711 3571 θεοτίκου.
759 3502 834 3569 Non
864 3516 958 3570 teneo
978 3528 1047 3584 me,
1070 3508 1149 3595 quin
1171 3507 1350 3573 adscribam
1369 3504 1494 3571 Scarus

313 3606 569 3675 annotationem:
625 3610 742 3698 »Legi
778 3618 909 3690 autem,
948 3610 1074 3700 inquit,
1107 3616 1143 3677 si
1172 3636 1313 3702 usquam
1346 3620 1494 3675 meretur

312 3712 474 3777 scholium
504 3713 595 3802 quod
620 3714 771 3779 adhaec
795 3717 895 3780 verda
919 3718 1100 3781 monachus
1124 3719 1220 3782 houd
1240 3719 1337 3782 dudio
1356 3719 1493 3780 vinosus

313 3816 524 3907 adscripsit,
557 3821 644 3884 unde
679 3820 791 3885 disces
823 3822 865 3883 ad
893 3825 938 3885 iis
967 3826 1149 3886 sanitatem
1182 3822 1315 3888 Beatos
1345 3823 1493 3911 virginis

311 3930 448 3990 strenue
469 3930 593 4014 potari
621 3928 765 4018 solitam.
821 3926 913 4013 Quid
937 3950 1003 3992 που
1029 3929 1175 3993 ebrietas
1199 3926 1389 4018 designat?
1413 3935 1493 4016 quot

317 4030 451 4094 bibendi
471 4036 688 4098 r‘rzcz'iamenta
711 4033 953 4122 quaeruntur?
985 4032 1087 4101 Salus
1098 4039 1331 4125 praesentium
1342 4083 1351 4113 ,
1374 4035 1517 4099 adsen·‘

311 4139 415 4214 tium,
443 4141 642 4216 amicorum,
666 4144 870 4218 amicarum,
886 4149 1132 4230 patronorum,
1156 4150 1188 4205 et
1213 4140 1309 4231 apud
1331 4163 1391 4205 nos
1418 4140 1493 4206 An·

306 4244 381 4333 glos
409 4242 537 4331 Regum
557 4243 798 4334 Ecclesiaeque
815 4250 937 4336 ipsius.
985 4246 1090 4311 Pudet
1110 4245 1191 4312 haec
1211 4244 1381 4337 opprobria
1397 4244 1492 4309 nobis

308 4358 366 4413 etc,
401 4348 472 4413 Ηοο
492 4350 652 4413 scholium
674 4374 745 4415 eum
766 4350 842 4415 olim
864 4354 1030 4417 Praesuli
1047 4353 1235 4418 venerando
1254 4361 1286 4415 ct
1305 4351 1493 4416 eruditione

308 4456 518 4544 omnibusque
540 4456 660 4545 probis
692 4456 824 4522 artibus
851 4456 995 4523 Illustri
1018 4455 1139 4523 Lolnto
1160 4457 1199 4523 V
1196 4459 1384 4547 igorrrierrsi
1400 4454 1492 4544 Ept-

310 4581 406 4651 scopo
435 4559 660 4642 ostenderem,
691 4584 749 4627 nos
777 4584 853 4653 ergo
877 4568 991 4652 inquit
1000 4610 1018 4643 ,,
1035 4553 1101 4630 non
1120 4558 1218 4656 primi
1236 4560 1320 4643 hauc
1336 4560 1491 4627 insaniam
1584 4602 1589 4611 ·

310 4661 503 4747 insanimus,
537 4678 569 4733 ct
598 4666 816 4760 imprudentes
843 4662 988 4759 exempla
1009 4669 1173 4759 sequimur
1190 4668 1360 4736 hominum
1380 4684 1492 4735 saecu·-
