3767 5717
875 646 916 712 93

299 818 337 887 V.
351 826 405 888 94.
429 822 483 886 οὖν
506 818 545 886 ἂν
572 819 726 898 δέξννσίε,
759 820 810 887 Vl.
836 825 890 888 66.
914 825 940 888 oi
973 824 1071 896 ίπσὴς
1096 819 1228 898 ἔμελλον
1253 819 1332 896 ἡνίκ’
1356 816 1395 884 σίν
1426 820 1480 882 σύ·

297 929 369 1002 τοὺς
402 921 889 1003 teniretv11.806lVlll⁶25.
914 927 1086 1008 νομίζοντες
1108 925 1213 1008 ῥςιδίως
1243 923 1282 989 ἂν
1304 925 1480 1006 προσχωρί-

295 1057 375 1110 σενν,
393 1032 477 1098 vrit
491 1037 543 1098 71.
569 1031 695 1112 νομίζων
711 1034 765 1097 οὐκ
784 1030 822 1098 iv
844 1033 1034 1115 ἡσνχνίσενν,
1054 1031 1133 1096 baec
1150 1028 1253 1095 lerme
1269 1037 1345 1094 sunt
1361 1047 1479 1114 genera

295 1157 464 1215 errorum,
484 1156 567 1224 quaa
590 1137 674 1223 apud
696 1155 807 1204 omnes
829 1137 1032 1203 Athenienses
1055 1137 1241 1222 frequenter
1264 1155 1349 1202 nunc
1370 1153 1478 1200 recur-

295 1251 395 1318 runt,
418 1242 494 1307 olim
515 1242 636 1306 uemlni
657 1257 810 1328 umquam
834 1243 943 1308 audita
968 1251 1023 1308 tutt
1044 1242 1143 1314 lecta,
1167 1249 1200 1305 ct
1223 1257 1393 1326 possumus
1412 1238 1479 1305 iere

295 1348 397 1434 digito
422 1355 695 1426 monstrarem,
719 1366 857 1434 quorum
870 1349 1014 1416 socordia
1039 1347 1160 1412 iactuum
1185 1347 1228 1412 sit
1251 1354 1288 1412 ut
1313 1351 1402 1410 lanta
1426 1364 1479 1430 ap·

296 1459 408 1540 pareat
441 1449 702 1518 soloecismorum
734 1452 925 1540 frequentia.
973 1454 1034 1534 Qui
1068 1450 1253 1537 imperitum
1286 1444 1479 1515 Grammati-

296 1579 371 1626 oum
396 1558 593 1624 soloecismis
620 1557 705 1623 ultro
726 1558 908 1625 commissis-
929 1557 1116 1622 ludificatur
1139 1555 1223 1642 apud
1241 1555 1397 1620 Lucrnnuu
1417 1557 1481 1627 76,

298 1668 330 1730 b.
354 1665 450 1730 etiam
471 1664 503 1727 in
526 1661 584 1728 hoo
604 1662 749 1749 exemplo
767 1665 837 1730 eius
858 1665 1020 1729 inscitiam
1045 1663 1204 1749 explodit:
1230 1663 1262 1725 oo
1280 1657 1343 1739 γὰρ
1367 1656 1480 1730 ἐθέλεις

296 1766 424 1834 inerint
446 1767 618 1845 σννὴσσν
638 1766 685 1833 ἂν
707 1767 793 1851 είσερ
815 1769 1010 1846 ε’ίελὴσωσςτ
1034 1768 1114 1833 nihil
1134 1767 1256 1834 homini
1278 1761 1481 1841 subolet,ita

296 1869 365 1959 ipse
388 1871 508 1939 solebat
531 1872 639 1938 dicero
671 1881 704 1938 et
727 1872 805 1938 alios
834 1873 947 1939 audire
975 1871 1139 1948 dicentes,
1161 1868 1330 1958 respondet
1363 1869 1479 1954 igitur:

293 1979 371 2044 ἀλλ’
401 1979 463 2056 ἐγὼ
497 1978 665 2057 (insilirent.
685 1979 727 2043 ’σὺ
751 1979 777 2044 δ’
800 1980 883 2044 οὐδὲν
906 1974 998 2052 sinon
1029 1976 1067 2044 ὧν
1091 1977 1237 2059 diripienti
1260 1972 1479 2054 σολοικίζοντες

294 2082 433 2162 λέγουσι.
480 2082 538 2148 cni
555 2074 628 2149 itte:
649 2084 683 2148 ri
706 2084 769 2165 etp
792 2090 843 2150 nir
863 2085 946 2167 ῥὴίέν
970 2081 1076 2166 μικρόν
1095 2083 1128 2148 τί
1150 2105 1195 2148 σω
1214 2083 1362 2166 φωίνεσων
1385 2079 1480 2144 nonin

296 2184 396 2264 είννω;
427 2188 504 2274 quid
524 2188 645 2255 diceret
669 2188 697 2255 si
720 2198 866 2254 nostrum
892 2190 1135 2265 Dauos'rnnucu,
1155 2189 1342 2262 lsocnnrru,
1366 2187 1480 2251 Petro·

296 2313 380 2369 nnn,
404 2292 504 2371 alios,
533 2294 656 2362 rideret
680 2291 815 2360 subinde
839 2295 884 2359 ita
904 2291 1106 2360 scribentes?
1152 2293 1242 2379 Apud
1266 2302 1392 2360 veteres
1415 2291 1482 2358 iere

296 2398 429 2486 perinde
457 2407 507 2466 est
537 2397 652 2480 εἴποιμ’
673 2397 712 2465 ἡν
737 2407 793 2466 aut
826 2400 879 2480 ἐρῶ
903 2398 1030 2475 dicere,
1064 2399 1125 2464 uisi
1149 2397 1232 2484 quod
1265 2397 1345 2464 illud
1374 2396 1478 2464 lenius

297 2512 330 2570 ct
363 2503 520 2571 urbanius
556 2504 699 2579 dicitur,
733 2504 794 2570 boc
826 2504 921 2591 paulo
940 2579 943 2584 ,
960 2506 1068 2569 acrius
1099 2513 1131 2568 et
1161 2503 1337 2570 incitatius.
1384 2503 1482 2568 Num-

247 2684 251 2691 *
299 2608 372 2692 quis
403 2615 492 2692 putet
527 2610 575 2674 sio
609 2608 725 2688 νίσσνμν
759 2608 863 2673 solum
892 2628 983 2694 posse
1013 2603 1079 2672 dici
1113 2607 1162 2672 vel
1189 2608 1242 2688 ἐρῶ
1274 2607 1333 2672 ini
1383 2607 1482 2674 Nemo

298 2710 415 2776 hercle.
474 2711 557 2791 Quid
590 2713 617 2777 si
649 2711 793 2797 exempla
828 2713 993 2798 complura
1024 2711 1192 2796 utriusque
1219 2711 1290 2777 vitii
1321 2709 1480 2798 proferen-

300 2824 377 2891 tur,
412 2815 496 2902 quod
517 2815 610 2883 focile
640 2816 727 2882 lactu
759 2815 833 2881 esti
857 2835 897 2881 nn
924 2815 1030 2881 omnis
1061 2815 1115 2880 illa
1147 2811 1481 2884 assensio'elabetur?

300 2921 410 3008 itaque
434 2921 657 2987 Druosrnrnnn
680 2921 827 2998 deseres,
853 2929 888 2987 ut
912 2921 1043 2988 stolidos
1064 2921 1186 2987 scribas
1211 2922 1367 3008 sequaris.
1402 2921 1489 2988 Num
1542 2955 1545 2964 v

300 3034 396 3112 putas
429 3027 601 3112 prodidere
627 3026 666 3092 ἂν
692 3027 900 3108 ἕρωσὴσωνμν,
941 3028 1033 3104 ἡδέως
1058 3025 1097 3092 ἂν
1131 3028 1281 3108 aricinae
1311 3038 1398 3096 recte
1422 3028 1486 3095 dici

299 3130 391 3207 ἡδέως
422 3129 461 3196 ἂν
486 3130 624 3211 iperiani
649 3130 697 3197 vol
722 3133 813 3209 ἡδέως
836 3130 876 3197 ἂν
896 3133 1080 3212 reducunt?
1128 3133 1195 3198 Non
1216 3133 1356 3200 arbitror
1375 3150 1484 3220 quiem·

298 3251 395 3321 qnam
426 3236 470 3302 ita
489 3238 629 3312 sentire,
651 3237 727 3323 quia
752 3256 791 3303 ne
815 3235 963 3304 Graeculi
987 3238 1117 3325 quidem
1138 3237 1182 3304 ita
1206 3247 1391 3325 percantet
1411 3257 1484 3304 retra

298 3340 456 3427 quaedam
476 3349 552 3407 sunt
572 3342 634 3407 ista
663 3343 741 3407 vitia
766 3343 819 3408 vix
849 3343 890 3409 ab
907 3363 971 3408 nuo
1000 3344 1164 3428 alteroque
1188 3341 1320 3410 librario
1342 3343 1395 3409 bic
1419 3344 1484 3409 illic

298 3447 426 3512 incuria
448 3449 629 3513 commissa.
677 3447 842 3529 Quomodo
871 3449 973 3534 igitur
1001 3448 1202 3534 concoquitis
1225 3449 1258 3514 in
1288 3451 1385 3514 tertia
1410 3447 1485 3513 Pbi·

299 3551 413 3639 lippire
434 3569 465 3637 p.
489 3555 573 3631 128,
605 3554 638 3619 σί
668 3560 820 3632 nerninem
855 3552 959 3618 πσίλνω
983 3577 1030 3627 rie
1055 3553 1146 3630 ἡδίως
1170 3553 1209 3619 ἂν
1229 3552 1299 3626 ἴσως
1331 3552 1485 3634 ἒςωσὴσων

301 3657 455 3733 κσίίὴσσν;
490 3675 564 3722 nam
587 3651 858 3744 quemadmodum
883 3667 971 3724 recte
1003 3651 1156 3724 Socutrns
1180 3660 1213 3724 in
1238 3658 1385 3723 Punronts
1407 3661 1485 3742 Apo·

300 3761 383 3847 inpia
410 3759 554 3848 disputat
578 3783 608 3846 p.
629 3765 696 3837 27,
720 3763 769 3836 τίς
797 3761 837 3828 ἂν
871 3765 1031 3845 ἀνθρώπων
1054 3765 1124 3828 θεῶν
1146 3765 1203 3842 μὲν
1231 3763 1348 3836 παῖδας
1380 3766 1485 3842 ἡγοῖτο

299 3862 396 3941 sinat,
430 3867 512 3941 decbr
537 3868 569 3933 δὲ
599 3870 666 3947 μὴ;
692 3867 800 3947 ὁμοίως
830 3868 893 3950 γὰρ
924 3864 963 3933 ἂν
997 3866 1113 3935 eirenen
1139 3868 1185 3944 είὴ
1209 3866 1308 3949 ὥσπερ
1339 3866 1378 3933 δν
1410 3868 1484 3942 rint-,s

300 3969 402 4037 innon
425 3974 483 4053 μὲν
513 3974 630 4048 σωῑδως
652 3977 759 4053 ἡγοῖτο
791 3975 809 4052 ἡ
844 3974 895 4040 nni
919 3974 990 4040 ίνων
1014 3975 1085 4048 σοὺς
1109 3973 1249 4052 intinctio
1283 3973 1484 4063 (expunged

299 4077 384 4163 quod
409 4097 503 4144 nemo
525 4078 710 4146 admonitus
729 4079 850 4165 releget
882 4079 952 4145 sine
983 4079 1086 4167 risu),
1118 4077 1231 4152 ίσσσυς
1266 4079 1298 4144 δὲ
1328 4079 1380 4144 eet
1404 4077 1485 4154 ίνσνς

298 4185 344 4262 pir
368 4186 474 4262 ἡγοῖτο
498 4180 596 4260 elnam
628 4185 676 4251 sic
709 4185 879 4252 manifesto
910 4185 1087 4251 absurdum
1110 4191 1159 4250 est
1182 4185 1320 4266 ἕρωσὴσω
1350 4182 1389 4249 iio
1422 4203 1484 4250 non

299 4307 369 4354 esse
401 4289 573 4366 Graecum,
603 4289 758 4370 ε’ςωσὴσων
786 4290 825 4356 σ’ίν
849 4290 928 4356 nibil
954 4291 1072 4357 babere
1095 4288 1318 4356 dubilationis.
1366 4287 1485 4354 [dudem

301 4393 373 4460 iure
396 4393 517 4461 dixeris
536 4393 744 4481 participium
761 4395 902 4476 bipenne
927 4397 1052 4462 Graecis
1074 4415 1164 4474 esse,
1187 4395 1399 4468 indicativum
1424 4393 1487 4458 ἔσσ-

299 4523 360 4581 per
383 4519 445 4566 nou
470 4521 550 4567 esse.
597 4499 639 4564 Al
663 4508 780 4563 ceteros
802 4502 998 4568 menbranae
1014 4502 1135 4587 possim
1160 4521 1266 4567 omnes
1289 4501 1324 4565 in
1346 4499 1397 4563 bis
1416 4499 1490 4564 σινιί

302 4603 404 4694 pluris
427 4602 639 4674 incredibilem
670 4602 703 4669 in
722 4603 847 4670 modum
871 4607 1066 4693 conspirent,
1079 4603 1242 4693 inquiunt.
1290 4603 1332 4671 In
1350 4603 1407 4670 doe
1428 4604 1494 4694 ipso

309 4713 374 4779 loeo
399 4712 609 4780 llurrosruruts
630 4707 828 4777 otlmt'rubilis
849 4720 893 4776 ent
911 4710 1062 4779 librorum
1093 4734 1277 4790 consensus,
1301 4712 1496 4794 ἕρωσὴσων
