3767 5717
1018 610 1057 677 bi

436 795 528 881 tique
558 796 615 858 ant
642 788 853 858 temerarium
871 808 948 857 esse
972 786 1218 858 arbitrabuntur
1246 790 1316 857 itios
1344 789 1424 857 velie
1449 812 1564 879 cogere
1593 794 1628 861 in

436 900 605 975 ordinem,
635 898 693 982 qui
714 895 746 961 in
770 913 808 960 en
830 914 866 961 re
892 914 1028 981 regnare
1053 902 1229 981 putantur,
1252 904 1309 962 ant
1330 916 1447 983 anceps
1470 907 1502 965 et
1526 900 1629 968 ambi-

437 1024 538 1092 guum
563 1002 728 1088 negotium
752 999 785 1063 in
806 998 856 1065 bis
876 1000 1023 1087 reliqniis
1036 1009 1319 1069 monumentorum
1340 1011 1484 1069 veterum
1505 1004 1627 1093 liquido

437 1110 573 1176 definire
595 1106 673 1193 qnid
694 1104 776 1171 ierat
797 1125 876 1172 usus
907 1115 939 1172 et
971 1104 1117 1190 analogia
1144 1106 1274 1193 linguae
1308 1108 1521 1193 antiquioris,
1546 1110 1626 1196 quid

436 1231 499 1281 non
512 1214 595 1281 ferat
613 1219 820 1298 respuatqne.
856 1210 941 1278 Sunt
962 1209 1040 1277 adeo
1059 1210 1114 1296 qui
1139 1212 1269 1297 angusti
1292 1212 1392 1277 animi
1414 1232 1485 1280 esse
1507 1224 1625 1301 putant

436 1320 554 1387 mentis
577 1317 865 1403 etuogitationnm
896 1316 1113 1382 humanarum
1142 1315 1303 1382 infinitam
1326 1318 1540 1394 varietatem,
1573 1341 1630 1387 ve-·

435 1426 619 1501 bonitatem,
638 1422 844 1498 »libertatem
869 1420 973 1521 ndnti
991 1418 1198 1505 compedibus
1221 1421 1415 1508 quibusdam
1438 1432 1471 1489 et
1496 1442 1626 1492 carcere

435 1539 605 1606 coercere,
629 1526 809 1594 domarent
829 1527 876 1594 sic
898 1524 1071 1592 debititarc
1094 1546 1131 1592 ac
1154 1525 1303 1613 frangere
1327 1529 1455 1606 conari,
1480 1536 1516 1595 ut
1537 1550 1625 1597 surn-

434 1638 498 1701 mis
527 1632 669 1719 ingeniis
696 1631 883 1699 facultatem
908 1629 1078 1717 eloquendi
1109 1630 1194 1716 qnod
1218 1633 1360 1699 sentiant
1383 1634 1482 1700 arctis
1506 1634 1624 1703 tinibus
1746 1726 1747 1739 ἦ

435 1736 706 1816 circumscribas,
735 1745 767 1805 et
790 1733 943 1803 essebon
971 1735 1065 1821 quasi
1093 1737 1209 1822 pinnas
1230 1738 1338 1804 animo
1361 1740 1552 1818 incidentis,
1583 1760 1624 1809 nc

435 1864 472 1911 eo
495 1843 620 1912 erciam
638 1843 752 1931 possit
787 1861 850 1929 qno
881 1858 978 1907 nemo
1006 1840 1111 1907 adbuc
1140 1844 1332 1928 pervenerit.
1380 1844 1447 1911 Non
1483 1845 1623 1913 multum

435 1945 518 2016 mibi
541 1947 748 2017 difficultatis·
758 1948 911 2014 obiiciant
933 1948 991 2033 qni
1011 1947 1057 2012 ita
1078 1946 1261 2034 disputant,
1287 1969 1361 2015 narn
1382 1949 1475 2017 facile
1494 1952 1623 2019 vincam

435 2057 702 2139 septemdecimae,
737 2061 771 2119 nt
799 2053 1047 2135 περικαθεύδειν,
1079 2060 1116 2119 ut
1141 2054 1375 2137 representem,
1405 2076 1583 2143 numquam
1604 2078 1622 2125 a

436 2175 599 2248 quoquam
619 2177 688 2227 csse
705 2158 829 2226 dictam
850 2168 907 2226 ant
931 2160 1059 2239 fiotum,
1082 2161 1159 2246 qnia
1181 2180 1262 2246 qnae
1275 2162 1508 2248 notiocogitnri
1529 2163 1621 2250 piane

435 2276 501 2332 non
528 2273 653 2352 potent,
676 2266 769 2331 nomn
786 2264 899 2333 verbis·
916 2265 1032 2332 subiici
1054 2286 1117 2333 non
1141 2273 1263 2353 potest,
1283 2274 1320 2333 et
1338 2264 1453 2347 ἕπομαι
1476 2268 1527 2335 vei
1548 2271 1620 2335 ciao-

434 2374 553 2440 ecvtetr
572 2371 627 2439 ¹net
655 2372 817 2453 inaperta,
844 2371 922 2457 qnia
952 2379 1104 2437 naturam
1124 2390 1216 2438 suam
1236 2390 1354 2438 exuare
1377 2392 1440 2437 non
1463 2380 1620 2459 possunt,

435 2479 631 2563 numqndm
644 2477 792 2565 'potuisse
819 2475 1041 2546 accusativum
1066 2475 1263 2554 adsciscere,
1298 2476 1454 2563 quidquid
1487 2478 1619 2557 Qurnnns
1745 2516 1747 2533 ι

434 2580 571 2648 Gnnmnn
592 2580 643 2648 vel
656 2579 893 2648 ‘Coruinus-rel
912 2580 1056 2668 imperiti
1088 2581 1212 2647 scribac
1236 2578 1486 2648 hallucinantur.

478 2688 520 2753 ln=
535 2691 585 2753 nn
613 2686 772 2753 inbtemria
796 2693 833 2752 et
867 2687 1094 2771 grammatica*
1110 2706 1174 2753 ncn
1206 2693 1255 2752 cst
1287 2686 1501 2772 periculosum
1534 2683 1621 2773 qnod

435 2794 506 2861 iicr‘i
531 2793 932 2879 ‘nonpnsnittnutnqnam
954 2788 1079 2881 ibctqnt
1108 2810 1180 2858 csse
1200 2809 1404 2870 asseverare,
1427 2811 1531 2879 neque
1560 2790 1619 2865 hoc

434 2895 536 2986 igitur
547 2896 742 2985 magnopere
762 2894 887 2974 laboro,
911 2894 967 2963 scd
987 2896 1075 2962 aliud
1089 2904 1141 2961 est
1164 2895 1342 2962 cavendnm
1364 2916 1403 2962 ac
1419 2896 1530 2962 sedulo
1553 2898 1621 2963 ani·

433 3003 722 3083 madrcntoodnm',
746 3018 792 3067 ne
804 3002 1014 3097 immerentes
1030 3001 1150 3069 iniuria
1170 2999 1368 3088 plectantur,
1387 3008 1420 3067 et
1442 3000 1620 3086 quodseri·

434 3108 494 3175 bae
515 3107 550 3175 'nt
581 3105 687 3175 amnti·
706 3106 926 3192 deliquerintc
946 3104 990 3170 td.
1013 3106 1100 3193 ipsis·
1122 3106 1296 3173 dtticomnn
1320 3106 1537 3173 imitatoribus
1560 3108 1619 3173 im·
1744 3128 1745 3151 ἢ

434 3212 796 3302 putetbr;²bncnnnset·²
810 3210 998 3289 dnonnnon,
1019 3230 1062 3278 no
1085 3212 1190 3279 dinam
1211 3211 1251 3279 dc
1274 3212 1410 3291 ceteris,
1433 3232 1520 3279 nnnc
1533 3232 1619 3280 men·

434 3320 483 3386 dis
514 3317 751 3387 educatoribus·
774 3316 888 3383 mnitis
913 3316 1009 3385 obsiti
1044 3326 1138 3396 sunt,
1174 3318 1293 3405 quibus
1321 3318 1460 3384 sanioris
1482 3320 1618 3394 ’dabber

433 3416 586 3493 constans
605 3430 668 3489 et*
685 3430 976 3507 perpetuns·=mns
995 3422 1161 3502 cicietur,
1190 3444 1252 3491 non
1289 3442 1353 3510 qun
1380 3443 1420 3491 ea
1458 3426 1620 3491 nescirent

431 3526 517 3618 qnae'
541 3526 755 3595 'intiiissimns
789 3528 927 3614 quisque
959 3527 1215 3614 magistellorum
1247 3528 1405 3606 inculcat,
1439 3528 1496 3595 sed
1525 3529 1619 3615 quia,

430 3632 683 3701 durnomnimn‘
708 3630 859 3699 manibus
877 3632 988 3699 sedulo
1002 3640 1181 3713 teruntur,
1212 3640 1380 3701 traxerunt
1405 3631 1540 3698 subinde
1563 3632 1620 3699 ali·

299 3781 302 3786 ·
430 3738 508 3827 quid
527 3738 899 3825 ·nobae··cnnrnpteiae·‚
923 3737 1189 3825 qnam'affnienit
1220 3739 1375 3806 lectorum
1399 3744 1527 3805 tantum
1555 3758 1619 3806 non

429 3846 576 3911 omnium
599 3844 714 3909 vitiosa
733 3843 860 3910 dicendi
883 3845 1092 3912 consuetudo.
1139 3844 1248 3925 Quum
1270 3846 1372 3912 animi
1395 3864 1491 3912 cansa
1515 3846 1620 3912 iocosa

430 3949 551 4035 scripta
574 3947 707 4035 plurimi
737 3957 904 4017 versarent
935 3958 969 4018 et
998 3949 1240 4028 describerent,
1275 3950 1408 4017 facetias
1437 3958 1469 4017 et
1498 3950 1620 4036 lepores

430 4054 534 4140 magis
561 4074 657 4141 quam
689 4057 843 4122 orationis
873 4054 1011 4122 formam
1047 4054 1225 4134 curabant,
1260 4076 1341 4143 qnae
1376 4056 1544 4143 paullatim
1579 4053 1620 4121 ad

429 4159 596 4244 vulgarem
619 4152 963 4247 loquenditiorrnulam
986 4160 1098 4227 reficta
1122 4168 1186 4239 est,
1210 4169 1247 4228 ut
1270 4182 1364 4248 saepe
1384 4162 1518 4245 antiqua
1541 4161 1620 4224 scri-

427 4274 525 4355 ptura
544 4266 664 4353 ubique
686 4266 853 4333 obliterata
873 4263 1029 4331 ctdeleta
1061 4265 1125 4343 sit,
1149 4284 1392 4353 nonnumquam
1417 4265 1449 4328 in
1476 4262 1620 4347 antiquis

427 4372 576 4439 codicum
604 4373 697 4437 -ritiis
730 4379 801 4438 tuto
836 4368 1029 4451 delitescat,
1067 4368 1152 4437 unde
1179 4374 1269 4438 acuti
1301 4369 1407 4436 critici
1439 4373 1618 4445 eruerunt,

425 4476 573 4544 Graeculi
585 4478 661 4563 quin
683 4489 747 4542 non
768 4474 991 4560 inteiiigebant
1014 4474 1218 4545 abstinebant
1236 4494 1380 4543 manum.
1427 4473 1535 4540 Genus
1558 4470 1619 4538 boc

425 4584 579 4650 vitiorum
603 4582 698 4669 quate
732 4582 775 4646 sit
797 4588 828 4646 et
852 4581 1123 4667 quemadmodum
1141 4590 1264 4651 ·vetera
1289 4578 1404 4647 menda
1425 4578 1525 4645 bonas
1551 4576 1618 4643 ior·

425 4707 495 4755 mas
531 4686 570 4754 ab
599 4687 735 4754 interitu
764 4685 929 4754 vindicare
962 4688 1083 4775 possint
1111 4688 1230 4775 insigni
1263 4685 1408 4776 exemplo
1440 4682 1616 4753 ostendam.
