3767 5717
275 821 324 889 lris
344 821 446 889 serbis
466 807 534 912 ipse
551 817 738 908 Thresycles
757 819 945 887 helluonum
966 821 1109 887 omnium
1130 819 1353 911 gulosissimus.
1382 825 1446 893 Vo-

275 928 364 995 lebat
391 927 498 992 diccre
528 925 696 992 luctatus
724 925 738 988 ό
762 925 887 991 ποίντων
911 926 1100 1008 λιχνότατος
1125 927 1178 990 καὶ
1202 927 1443 1006 ἀπλιρςότατος,

274 1047 307 1100 ct
329 1057 362 1100 se
381 1033 515 1098 mirifice
536 1032 672 1122 sperarit
686 1055 759 1119 'esse
779 1032 942 1110 locutum,
971 1055 1072 1122 quum
1092 1030 1154 1097 hoc
1174 1033 1218 1097 sic
1239 1032 1385 1115 dixisset,
1408 1049 1445 1102 ut

272 1151 319 1206 est
340 1141 374 1204 iu
394 1139 590 1229 Lexs‘plsune
609 1142 667 1216 34,
692 1141 740 1202 14.
764 1137 782 1202 ό
803 1162 833 1202 τι
852 1161 908 1220 περ
928 1135 1042 1220 όφελός
1064 1137 1159 1216 ἕωμεν
1181 1142 1237 1210 τῆς
1258 1137 1443 1211 ἀττικίσεως

272 1244 415 1333 [ἀκρον],
451 1242 507 1310 ubi
531 1243 621 1326 ἀκρον
642 1243 797 1334 glossema
817 1256 883 1323 est,
913 1254 945 1308 et
971 1253 1057 1308 reete
1076 1241 1161 1333 apud
1184 1241 1445 1309 Anteroauarsnn

272 1349 363 1418 Itan.
387 1353 462 1416 424.

518 1440 610 1509 κάςίν
632 1440 676 1505 τόν
700 1444 808 1520 πρῶτα
830 1445 886 1512 τῆς
910 1441 978 1505 ἐκεῖ
999 1438 1183 1520 μοχθηρίας.

273 1582 412 1648 namque
436 1558 481 1624 sic
500 1558 567 1648 ipsa
589 1558 686 1625 homo
705 1579 786 1624 unus
810 1580 850 1622 an
869 1557 1060 1648 pluresflcs
1078 1558 1243 1622 delibutus
1253 1560 1378 1648 pupuli
1394 1558 1463 1625 di-.

273 1664 358 1728 citur
385 1685 461 1729 esse.
509 1662 571 1728 Sed
601 1663 774 1729 absurdum
804 1675 851 1729 est
881 1660 944 1729 ότι
970 1687 1026 1744 περ
1048 1663 1161 1745 όφελος
1191 1683 1265 1726 cum
1293 1663 1445 1730 uitiorum

270 1769 457 1834 nominibus
477 1770 670 1858 coniungere
695 1770 888 1858 etsuariter
907 1769 1025 1834 risisset
1048 1769 1126 1834 civis
1146 1767 1270 1834 Atticus
1289 1769 1444 1860 quilibet,

252 1873 329 1963 .qui
356 1873 500 1953 λιχνείαις
530 1874 582 1938 καί
612 1875 774 1948 ἀπλιρςίας
798 1873 912 1956 όφελος
946 1873 1117 1939 audivisset
1146 1871 1317 1940 dicentem.
1365 1875 1444 1942 Tam

270 1977 449 2068 periculosa
470 2000 520 2043 res
540 1990 587 2042 est
606 1976 700 2043 nimis
719 1979 881 2069 eleganter
900 1990 932 2045 et
957 1979 1111 2070 exquisite
1133 1979 1238 2046 dicere
1258 1980 1357 2046 nelle:
1383 1982 1443 2048 nisi

270 2082 413 2161 carebis,
436 2082 563 2174 ineptus
582 2082 661 2161 eris,
685 2084 750 2164 θρίξ
771 2084 833 2149 ἀνόι
856 2085 983 2163 μέσσον.

317 2188 501 2253 Percussum
522 2209 609 2254 nunc
628 2186 740 2252 urdine
761 2187 905 2253 Lucrum
923 2188 1021 2254 libros
1049 2199 1081 2254 et
1103 2201 1137 2254 ut
1159 2190 1311 2281 quodque
1332 2191 1444 2258 vitium

270 2292 398 2360 dicendi
432 2304 595 2371 occurret,
627 2291 715 2382 quod
747 2292 878 2383 quidem
909 2295 1031 2360 utiliter
1056 2296 1265 2363 animadverti
1289 2309 1320 2362 et
1342 2298 1445 2363 notari

270 2400 388 2491 possit,
419 2400 529 2490 paucis
557 2422 697 2489 arguam.
744 2398 780 2464 ln
803 2401 837 2476 l,
863 2403 912 2464 ll.
936 2401 1198 2479 ἀποβλεπόμενος
1222 2403 1360 2467 occurrit
1384 2425 1443 2493 pro
1482 2401 1486 2407 ’

270 2505 547 2587 περιβλεπόμενος.
599 2505 669 2588 Quo
698 2527 792 2569 sensu
820 2505 1003 2570 Euml’lnas
1025 2503 1104 2569 dixit
1124 2507 1372 2586 περιβλέπεσθαι
1396 2507 1444 2572 τί-

269 2633 350 2692 μιον.
370 2649 416 2661 --
437 2609 521 2674 κενδν
541 2610 599 2688 μέν
622 2605 688 2681 οὖν,
710 2620 742 2674 et
765 2608 978 2689 περίβλεπτος
1001 2607 1150 2674 dicebant
1172 2621 1310 2688 veteres,
1329 2610 1443 2678 eodem

270 2715 439 2783 Lucrinus
459 2713 542 2779 male
563 2713 805 2790 ἀποβλέπεσθαι
825 2712 922 2792 dicit,
947 2725 982 2780 ut
1002 2719 1038 2793 3,
1062 2719 1111 2780 13.
1135 2716 1270 2798 ζηλωτός
1292 2711 1441 2782 εἶναικαὶ

269 2819 511 2899 ἀποβλέπεσθαι
535 2830 566 2884 et
586 2817 674 2884 alibi.
719 2816 756 2881 ln
780 2823 819 2898 3,
839 2821 870 2882 2.
893 2819 964 2886 οὔτε
995 2828 1142 2892 κοινωνεῖς
1168 2825 1227 2887 τῶν
1256 2819 1365 2898 όμοίων
1389 2823 1442 2888 λό-

269 2951 352 3007 γων,
378 2925 528 3014 frequens
550 2924 613 2990 hoc
632 2924 665 2988 in
690 2923 840 2990 Lucullo
859 2924 973 2990 sitium
993 2937 1054 3003 est,
1075 2924 1131 3014 qui
1150 2923 1255 2992 nescio
1278 2929 1442 3015 quomodo

268 3038 432 3115 κοινωνεῖν,
457 3028 543 3120 quod
563 3029 714 3108 μετέχειν
732 3029 888 3118 significat
907 3041 939 3095 et
958 3029 1112 3096 κοινωνίαν
1133 3029 1236 3112 ἔχειν,
1262 3053 1320 3122 pro
1339 3057 1441 3112 μετοι-

268 3134 381 3202 διδόναι
410 3135 516 3203 dicere
544 3135 641 3212 solet,
666 3135 867 3202 confundens
886 3145 1036 3201 κοινωνεῖν
1059 3147 1092 3200 et
1113 3141 1227 3201 κοινοῦν
1247 3137 1298 3202 rel
1316 3140 1441 3207 ἀνακοι-

267 3243 402 3306 νοῦσθαι.
436 3241 509 3308 ride
529 3245 589 3319 52,
611 3242 663 3305 34.
689 3237 797 3306 ἔλαθον
822 3239 941 3321 έταιρος
969 3240 1129 3322 αὐτῷκαὶ
1155 3242 1283 3317 οννιίθνς
1309 3244 1441 3325 γενόμε-

266 3369 314 3418 νος
338 3345 396 3415 ὥτε
420 3347 545 3412 πόντων
573 3346 717 3411 ἐκοινώνει
740 3368 791 3426 μοι
821 3353 881 3412 τῶν
906 3347 1104 3427 ἀπορρήτων,
1131 3360 1186 3412 eut
1209 3350 1252 3412 70
1261 3397 1270 3427 ,
1294 3352 1344 3415 19.
1365 3352 1441 3416 ἀλο-

266 3451 411 3531 γόοτατόν
433 3452 478 3518 έςι
505 3452 576 3522 τοὺς
605 3450 662 3528 μὲν
686 3452 770 3527 ἡμῶν
795 3450 1019 3531 ὑπερπλουτεῖν
1046 3450 1098 3514 καί
1128 3455 1251 3533 τροφάν
1277 3439 1441 3520 οὐκοινω-

266 3558 395 3624 νοῦντας
419 3548 457 3615 ὧν
481 3552 588 3633 έχουσι
610 3560 674 3623 τοῖς
697 3552 887 3634 πενεςέροις,
914 3575 997 3643 quse
1017 3555 1042 3618 si
1068 3555 1138 3644 quis
1163 3553 1313 3622 Veterum
1334 3559 1439 3648 legere

264 3656 437 3749 potuisset,
465 3655 658 3722 contrarium
682 3678 779 3746 quam
800 3657 886 3746 quod
912 3658 1030 3723 dicitur
1049 3659 1225 3748 significare
1244 3662 1348 3729 ridens
1369 3668 1439 3732 ani-

268 3763 507 3829 madvertisset:
531 3761 678 3828 similiter
698 3766 755 3841 70,
777 3768 830 3829 33.
853 3764 901 3836 τίς
924 3764 987 3845 γάρ
1017 3763 1055 3828 ἀν
1083 3766 1245 3847 φθονήσειε
1270 3769 1312 3850 τῷ
1339 3795 1440 3837 κοινω-

177 3921 193 3938 .
265 3872 364 3933 νοῦντι
398 3869 465 3957 [καί
495 3868 618 3956 διδόντι]
652 3874 711 3933 τῶν
736 3867 834 3944 ίδίων;
855 3869 926 3934 'ubi
955 3869 1071 3934 sciolus
1100 3869 1257 3958 legentem
1290 3872 1438 3944 adiuvare

265 3974 382 4053 voluit,
406 3974 459 4040 sed
479 3973 676 4054 μεταδιδόντι
699 3973 836 4040 debebat
853 3998 989 4065 ponere,
1007 3987 1038 4040 et
1054 3978 1118 4053 ³2,
1130 3979 1181 4040 46.
1201 3977 1271 4043 οὔτε
1292 3979 1372 4063 τένρ
1389 4007 1437 4057 τις

265 4079 392 4160 ἐδέχετο
416 4081 486 4147 οὔτε
510 4080 602 4160 πυρὸς
627 4079 645 4154 ἢ
672 4078 782 4152 ὕδατος
803 4081 959 4148 ἐκοινώνει.
1007 4079 1043 4144 ln
1066 4085 1082 4168 §
1106 4084 1157 4146 15.
1178 4082 1295 4146 ἀκοόιον
1316 4085 1448 4167 διεφθο-1

263 4182 357 4262 ρότων
379 4185 532 4267 ἀομάτων
554 4182 632 4274 quid
652 4195 733 4248 esset
752 4207 847 4250 nemo
871 4184 1049 4251 Atticorum
1068 4185 1248 4275 intelligere
1268 4191 1437 4277 potuisset,
1473 4177 1479 4182 ’

265 4288 384 4378 quibus
415 4288 559 4371 διέφθορα
586 4287 744 4377 significat
772 4289 962 4372 διέφθαρκα,
998 4303 1033 4356 ut
1063 4290 1148 4382 apud
1177 4292 1438 4362 lmsrnrmsnu

265 4395 296 4457 ἕν
319 4403 518 4474 Τανννιςοιῖς
544 4395 656 4484 fragm.
677 4413 726 4460 111.

294 4492 297 4498 ⁴
532 4501 584 4564 τόν
608 4499 704 4580 ἀνδρα
727 4505 835 4566 τοῦτον
857 4501 986 4580 βιβλίον
1010 4503 1163 4586 διέφθορεν

533 4605 550 4679 ἢ
575 4604 717 4686 Πρόδικος
742 4605 760 4680 ἢ
783 4613 843 4669 τῶν
866 4607 1047 4687 ἀδολεσχῶν
1071 4605 1115 4681 είς
1133 4609 1172 4686 γε’
1196 4633 1255 4682 τις.

267 4708 299 4770 et
326 4700 374 4770 sic
392 4721 574 4776 constanter
595 4732 704 4776 omnes
726 4709 883 4791 Veteres,
902 4712 1035 4778 testibus
1055 4712 1163 4778 multis
1185 4714 1312 4781 dicendi
1335 4717 1435 4805 megi·

1206 4833 1234 4871 23
1258 4857 1259 4860 =
