3767 5717
870 600 935 663 247

316 800 419 867 scribe
437 807 477 882 τὴ
501 797 634 882 προτέρᾳ
653 806 686 862 et
703 805 742 879 τὴ
765 794 873 879 ὑςέρᾳ,
896 794 929 860 iu
953 792 1156 863 Tuncrum!
1170 805 1258 861 reete
1275 795 1430 885 seriptum
1445 809 1493 864 est

316 905 388 971 vll.
409 908 460 971 51.
484 915 523 987 τὴ
547 905 603 983 μέν
628 900 796 984 προτεραίᾳ
820 944 858 957 -
879 900 981 983 ταύτᾳ
1000 910 1040 983 τῇ
1066 901 1168 983 ἡμέρᾳ
1189 939 1232 953 -
1250 911 1289 984 τὴ
1310 903 1336 966 δ’
1351 903 1491 988 ὑςεραίᾳ.

313 1014 398 1080 male
418 1012 452 1076 V.
477 1016 528 1076 46.
551 1019 590 1092 τὴ
611 1011 636 1073 δ’
653 1007 781 1089 ὑςεροοίᾳ
802 1007 957 1089 ἐκκλησίᾳ
975 1029 1034 1096 pro
1056 1008 1149 1089 ὑςέρᾳ
1177 1020 1209 1072 et
1233 1007 1304 1075 vll.
1327 1012 1378 1075 ll.
1401 1017 1440 1090 τὴ
1466 1009 1492 1073 δ’

317 1118 445 1200 ὑςεραίᾳ
467 1114 589 1201 (μέχρι)
613 1136 671 1203 pro
691 1113 794 1194 ὑςέρᾳ.
821 1123 854 1177 et
877 1112 912 1177 V.
932 1114 985 1177 75.
1008 1123 1047 1194 τῇ
1071 1114 1102 1175 δέ
1125 1114 1292 1197 προτεραίᾳ
1315 1114 1415 1196 ἡμέρᾳ
1437 1112 1494 1177 ubi

313 1224 414 1304 ἡμέρᾳ
443 1219 701 1309 expungendum.
754 1216 849 1307 Apud
881 1216 1130 1282 Dsnosruassa
1160 1218 1202 1283 de
1233 1218 1344 1283 Falsa
1373 1218 1493 1307 Legat.

314 1350 346 1417 p.
367 1330 451 1403 345,
473 1330 503 1390 7.
527 1335 566 1407 τὴ
587 1325 720 1405 προτέρᾳ
745 1330 804 1387 τῶν
830 1324 999 1399 ἐκκλησιῶν
1030 1322 1113 1387 bene
1140 1322 1247 1387 editur
1273 1323 1383 1389 inritis
1410 1324 1491 1413 opri-

314 1434 374 1499 mis
392 1430 581 1507 (lodicibus,
596 1429 629 1494 in
648 1429 766 1519 quibus
782 1440 828 1493 est
847 1428 1030 1510 προτεραίᾳ,
1052 1440 1163 1493 contra
1178 1441 1251 1517 past
1266 1452 1368 1519 pauca
1386 1456 1429 1497 rs.
1442 1435 1494 1497 18.

316 1536 383 1601 ὅδὲ
408 1539 501 1603 ταῦτ’
527 1537 617 1600 είπὺν
643 1544 682 1618 τῇ
706 1532 872 1615 προτεραίᾳ
901 1532 1189 1620 praestantissimus
1211 1532 1234 1597 S
1259 1558 1402 1617 προτεραι
1434 1536 1494 1602 cb·

315 1642 425 1707 trudit.
472 1640 510 1705 In
538 1639 649 1705 eadem
679 1662 712 1704 re
740 1638 774 1703 in
796 1645 975 1705 Asscfllnls
999 1633 1185 1704 defensione
1213 1643 1294 1727 §63
1323 1641 1442 1731 legitur
1462 1645 1492 1709 έν
1525 1675 1530 1685 ·

312 1756 351 1831 τὴ
376 1747 508 1829 προτέρᾳ
538 1751 597 1809 τῶν
624 1748 792 1819 ἐκκλησιῶν
823 1741 855 1807 et
882 1754 921 1826 τὴ
948 1746 974 1808 δ’
1000 1744 1129 1827 ὑςεραίᾳ
1156 1744 1254 1810 ποίλιν
1284 1746 1427 1835 [ἡμέρᾳ].
1461 1760 1493 1813 et

314 1856 332 1937 §
354 1856 407 1917 65.
429 1861 470 1932 τὴ
491 1851 548 1927 μὲν
568 1848 700 1930 προτέρᾳ
721 1853 781 1913 τῶν
803 1849 973 1922 ἐκκλησιῶν
995 1849 1238 1926 συμβουλεύειν,
1263 1860 1302 1931 τὴ
1322 1852 1348 1914 δ’
1364 1853 1493 1935 ὑςεραίᾳ

315 1957 401 2046 (lege
422 1956 531 2042 ὑςέρᾳ)
550 1954 620 2025 τοὺς
646 1954 802 2033 προέδρους
824 1952 1039 2035 ἐπιψηφίζειν.
1066 1965 1151 2022 recte
1170 1959 1188 2040 ς
1209 1957 1261 2019 66.
1286 1958 1330 2028 εἰς
1347 1958 1404 2031 πὴν
1423 1960 1492 2027 ὑςέ·

315 2088 368 2144 ραν
394 2060 581 2133 ἐκκλησίαν,
608 2058 662 2123 alii
682 2058 839 2139 ὑπερκιάν.
877 2070 909 2122 et
933 2061 951 2143 §
974 2062 1028 2123 67.
1056 2061 1086 2123 ἐν
1112 2069 1152 2140 τὴ
1175 2059 1302 2142 ὑπεραίᾳ
1327 2066 1387 2124 τῶν
1411 2052 1492 2139 δυεῖν

262 2154 267 2159 “
313 2168 482 2240 έκκλὴοιῶν
514 2164 546 2227 in
581 2163 730 2228 omnibus
759 2162 848 2226 libris
879 2173 925 2227 est
959 2185 1018 2252 pro
1047 2161 1155 2244 ὑςέρᾳ,
1193 2162 1281 2251 quad
1313 2163 1494 2233 limenun

315 2271 461 2339 correxit.
510 2268 557 2333 Ad
590 2270 726 2335 eandem
755 2269 911 2333 rationem
939 2267 1059 2332 caeteri
1078 2267 1143 2331 ioci
1163 2269 1379 2335 constituendi
1400 2283 1493 2351 sunt,

314 2402 388 2443 nam
408 2398 604 2467 quamquam
625 2386 715 2439 verns
735 2372 909 2439 admodum
929 2373 956 2437 is
977 2395 1064 2437 error
1084 2384 1146 2451 est,
1166 2384 1201 2436 ut
1217 2371 1398 2440 Pocnccsrr
1415 2377 1491 2445 olim

316 2483 479 2572 deceperit
497 2482 689 2545 scribentem
709 2478 734 2543 ί.
755 2482 810 2543 65.
832 2478 931 2561 φαίης
950 2479 975 2541 δ’
994 2476 1032 2541 ὑν
1054 2512 1094 2526 -
1114 2489 1153 2558 τὴ
1178 2480 1347 2562 προτεραίᾳ
1373 2483 1425 2546 καί
1452 2493 1491 2573 τῇ

314 2589 446 2670 προτέρᾳ
475 2598 507 2649 et
534 2609 608 2651 mor
626 2585 678 2647 καί
699 2582 827 2662 ὑπεραία
851 2582 903 2646 καί
927 2581 1037 2661 ὑπέρα,
1069 2593 1175 2647 tamen
1195 2594 1243 2647 est
1263 2606 1364 2664 error,
1394 2610 1493 2678 quem

315 2693 410 2781 longa
430 2691 496 2755 dies
516 2712 663 2757 excusare
683 2698 810 2778 potest,¹
833 2686 886 2753 sed
913 2697 948 2750 ut
968 2698 1054 2752 recte
1074 2687 1198 2753 dictum
1216 2691 1256 2755 sit
1276 2691 1403 2758 efficere
1426 2717 1492 2763 non

315 2809 431 2890 potest.
948 2872 951 2876 g
1478 2858 1482 2866 .

359 2898 630 2991 1n§23.e'0mp
652 2901 686 2975 δὴ
710 2898 778 2979 περὶ
801 2895 962 2980 τράπεζαν
982 2895 1147 2964 λιίππονοι
1162 2898 1215 2963 τὺν
1239 2901 1491 2979 ἀναθυμιώμενον
1513 2962 1520 2975 ,

316 3007 448 3081 καπνόν,
472 3004 607 3071 emenda
626 3004 781 3069 κοίττουοι
802 3001 851 3067 rel
871 3002 980 3091 patius
1000 3004 1106 3094 recipe
1125 3028 1143 3069 a
1159 3005 1267 3069 neseio
1286 3028 1351 3094 quc
1368 3006 1492 3077 dudum

313 3113 518 3179 emendatum
547 3112 580 3176 in
611 3110 762 3176 Gareasl
780 3110 1010 3190 collectaneis,
1034 3111 1151 3200 quibus
1170 3108 1322 3177 Soranus
1341 3134 1416 3177 usus
1434 3126 1493 3183 est.

315 3219 545 3287 calamitosum
577 3218 711 3284 verbum
739 3227 786 3280 est
814 3214 966 3289 κοίπτειν,
1002 3217 1090 3306 quod
1118 3218 1151 3282 in
1173 3214 1348 3283 codicibus
1368 3220 1493 3310 diffingi

314 3326 394 3390 solet
414 3326 446 3391 in
466 3326 642 3405 κοίμπτειν,
667 3322 812 3400 κόπτειν,
833 3319 996 3399 χοίπτειν,
1016 3323 1196 3403 χὺμπτειν,
1219 3323 1301 3403 alia,
1321 3325 1492 3393 vidssssr·

315 3450 523 3497 sranacsruss
544 3430 585 3495 ad
606 3430 743 3494 Plutum
766 3451 795 3516 p.
816 3429 881 3491 314
903 3450 987 3516 sqq„
1017 3428 1126 3517 quiin
1149 3430 1253 3495 verbis
1275 3431 1494 3497 smssorrsrs

315 3537 340 3600 oi
371 3537 401 3600 δὲ
428 3537 544 3617 κέπφοι
573 3535 756 3599 ἁλίσκονται
786 3534 828 3612 τῷ
859 3534 961 3612 οίίὴρῷ.
990 3535 1137 3598 κόπτουσι
1168 3536 1230 3614 γὰρ
1254 3537 1349 3601 αὑτὺν
1371 3537 1493 3626 optime

315 3640 450 3707 correxit
478 3638 644 3705 κιίττονοι.
692 3637 800 3701 Disccs
820 3635 963 3699 indidem
985 3659 1051 3725 quo
1072 3637 1256 3705 discrimine
1277 3639 1410 3705 diremta
1430 3642 1493 3705 sint

314 3748 416 3825 err-aiv,
439 3744 575 3823 λοίπτειν
597 3755 629 3807 et
648 3741 793 3806 κοίπτειν.
835 3741 968 3830 Egregia
987 3754 1034 3807 cst
1056 3741 1290 3811 Vacctrnaarr
1310 3746 1493 3815 emendalio

314 3850 347 3913 in
373 3849 624 3915 Ensrosrnsrrrs
650 3845 910 3912 Gataslera'sma‘s
930 3853 983 3915 38.
1007 3849 1054 3935 (in
1078 3850 1184 3915 Graes
1207 3850 1328 3941 Opuse.
1349 3853 1492 3940 Myllrod

315 3978 347 4043 p.
362 3955 446 4042 131.)
475 3949 561 4026 οὑτὺς
585 3956 648 4023 ἕςιυ
675 3954 689 4016 ὑ
714 3952 820 4031 μέγας
841 3953 1033 4031 καλούμενος
1052 3956 1160 4035 ίχίὺς,
1181 3951 1212 4020 ὑν
1231 3958 1292 4023 καί
1316 3968 1422 4023 πιεῖν
1439 3959 1493 4024 λέ-

314 4083 403 4137 γουσι
436 4060 471 4123 τὸ
501 4057 575 4139 ὑδαρ
609 4066 665 4132 τὴς
697 4063 753 4122 τοὺ
789 4057 933 4139 ὑδροχόον
961 4059 1133 4138 ε’κχὺοεας.
1165 4060 1200 4125 in
1226 4062 1279 4125 καί
1310 4073 1393 4129 πιεῖν
1412 4063 1493 4129 cidit

314 4162 448 4229 κοίπτειν
477 4163 586 4230 latere.
630 4164 733 4253 Supra
754 4187 784 4252 p.
810 4170 863 4231 58.
884 4162 1096 4229 Asclennonr
1119 4164 1246 4229 reddidi
1268 4167 1301 4231 αἱ
1329 4169 1492 4241 ὑλὺπειιες

313 4270 373 4342 τὺς
395 4274 498 4352 ρ’ἴιᾳας
519 4270 655 4337 έκαπτον
689 4292 747 4359 pro
774 4269 920 4344 ἔκοπτον,
947 4281 979 4333 et
1003 4270 1074 4359 quis
1094 4270 1128 4335 in
1146 4272 1344 4337 Psnrsncnl
1362 4273 1446 4337 libro
1464 4275 1491 4341 ei

315 4375 514 4455 πρεσβυτέρᾳ
534 4375 730 4439 πολιτευτέον
752 4397 782 4462 p.
795 4376 868 4439 788.
889 4393 918 4437 s.
938 4374 994 4438 ubi
1015 4375 1152 4441 Arcades
1168 4378 1305 4442 inrilant
1325 4378 1492 4442 Thebanos

317 4479 402 4543 utin
422 4479 534 4543 urbem
555 4477 678 4567 ingredi
699 4477 782 4542 etin
809 4478 941 4544 aedibus
964 4481 1027 4545 suis
1050 4480 1200 4568 hyemare
1222 4484 1341 4561 velint,
1366 4484 1492 4547 Erm-

317 4602 442 4651 nonnss
463 4584 624 4651 dissuadet
642 4584 691 4653 his
710 4586 829 4652 serbis:
854 4592 905 4653 νῦν
921 4588 979 4665 μέν
999 4589 1208 4671 ὑαυμοίζουσιν
1228 4592 1312 4669 ὑμᾶς
1332 4586 1385 4652 καί
1405 4591 1492 4656 θεῶν·

314 4710 367 4751 ται
399 4690 472 4769 πρὸς
505 4690 548 4756 τὺ
579 4686 665 4756 ὑπλα
691 4691 943 4774 γυμναζομένους
974 4691 1027 4755 καί
1054 4693 1272 4767 παλαίοντας,
1298 4692 1337 4759 ὑν
1363 4694 1394 4769 δέ
1418 4697 1491 4778 πρὸς
