3767 5717
887 588 957 653 239

327 784 584 853 emendationem
614 786 677 851 loci
706 785 904 851 Pourancut
923 785 958 849 in
978 785 1046 851 rita
1070 783 1242 852 Ciceronis
1262 808 1330 876 cap.
1352 790 1383 851 9.
1414 786 1505 853 Λύκι-

327 916 386 965 νιος
412 891 523 971 Μούκερ
549 890 721 972 κρινόμενος
746 897 865 964 κλοπῆς
895 892 946 955 ὑπ’
971 891 1067 955 κὺτοῦ
1094 891 1160 956 κτὲ.
1210 891 1360 957 L1cttt1us
1382 891 1505 958 Macutt

324 997 577 1087 repetundarum
605 1007 771 1062 accusatus
801 1006 848 1060 ast
876 1016 943 1059 non
969 1018 993 1059 a
1016 989 1184 1061 01cuuonu
1209 998 1275 1081 (ὑπ’
1295 999 1425 1082 edroi),
1449 996 1506 1085 qui

322 1104 393 1193 ipse
413 1104 544 1169 Praetor
563 1104 604 1169 dc
621 1101 807 1193 repetundis
828 1100 1022 1190 quaerebat,
1040 1101 1096 1166 sed
1111 1102 1208 1191 opud
1222 1100 1434 1179 Gtcnnouurt,
1452 1104 1504 1166 ἐπ’

321 1212 434 1273 οιύτού.
460 1210 513 1275 ἐπί
532 1234 612 1279 τινος
638 1208 755 1271 dicitur
775 1206 814 1271 de
833 1229 889 1283 eo,
914 1206 999 1295 apud
1019 1230 1114 1296 quem
1136 1209 1209 1297 quis
1228 1222 1416 1286 accusatur,
1439 1208 1503 1273 sivo

322 1335 377 1379 res
406 1314 470 1379 sive
499 1314 700 1403 magistratus
728 1312 791 1391 est,
825 1313 942 1377 deinde
969 1313 1009 1377 de
1042 1314 1169 1393 iudice,
1204 1315 1289 1405 apud
1311 1339 1409 1405 quem
1429 1314 1501 1404 quis

324 1440 452 1484 causam
470 1419 565 1497 dicit,
581 1420 720 1509 denique
738 1419 777 1484 de
798 1431 879 1484 teste
899 1430 954 1485 aut
969 1419 1104 1497 arbitro,
1121 1444 1229 1487 coram
1246 1444 1312 1512 quo
1334 1420 1412 1509 quid
1431 1418 1502 1485 fieri

322 1523 452 1590 dicitur.
501 1525 730 1615 Exemplorum
760 1537 807 1590 est
833 1547 948 1613 magna
976 1526 1077 1614 copia.
1097 1529 1117 1610 §
1140 1528 1191 1591 18.
1221 1527 1273 1590 τὸν
1300 1527 1410 1603 ὀβολὸν
1436 1523 1499 1605 ἔχω

321 1629 366 1692 τύο
389 1630 557 1709 πορύμεῖοο,
582 1652 694 1696 reuoca
713 1632 755 1710 τῷ
777 1634 916 1711 πορθμεῖ.
945 1633 962 1714 §
985 1636 1038 1697 20.
1063 1633 1134 1702 τοὺς
1156 1631 1281 1703 ύδύντοις
1307 1635 1502 1711 συγκροτῶν,

318 1732 443 1820 corrige
465 1733 651 1813 συγκρούειν.
689 1737 706 1819 §
732 1737 785 1797 21.
819 1732 906 1813 nepai
935 1736 1102 1799 Μικύλλου
1134 1737 1205 1800 τινὰ
1236 1735 1345 1811 ὀβολὸν
1375 1735 1502 1815 προσδο-

322 1842 397 1909 κῶν,
429 1836 562 1901 emenda
584 1838 670 1917 nepai
693 1839 837 1903 Μικύλον
859 1837 952 1909 τινύς.
988 1839 1130 1912 Μικύλος
1156 1862 1229 1906 sera
1248 1838 1351 1903 forma
1372 1850 1438 1916 est,
1463 1848 1499 1901 ut

321 1940 500 2021 Αἰσχύλος,
523 1942 671 2019 Ἡδύλος,
697 1941 873 2023 Κροιτύλος,
899 1943 1080 2021 Θροισύλος,
1094 1944 1268 2023 Δερκύλος,
1285 1942 1498 2023 Δερκυλίδκς,

318 2044 393 2111 alia.
441 2044 682 2111 Gauutuncuus
702 2046 807 2135 Epigr.
828 2048 882 2110 28.
906 2054 990 2123 γυῖον
1013 2046 1113 2128 φίλη,
1138 2053 1155 2134 ΙΙ
1175 2047 1318 2119 Μικύλος
1341 2040 1370 2111 si
1391 2070 1422 2110 τι
1442 2069 1499 2111 πο-

319 2150 404 2229 νῆρύν
428 2152 566 2232 ε’πῆνεσκ
595 2153 677 2229 μῆτε
706 2152 744 2215 σύ
772 2150 873 2230 κούφῆ
903 2156 920 2237 Η
948 2149 1069 2227 Γύγνεο.
1102 2148 1307 2237 Θράσυλλος,
1342 2148 1498 2222 Δίυλλος,

317 2254 489 2334 Ἥρυλλος,
510 2256 589 2334 alia,
613 2267 688 2320 sunt
708 2253 906 2335 ύποκοριςικύ
931 2276 969 2319 ex
991 2262 1198 2335 Θρκσυκλῆς,
1224 2261 1376 2327 Διοκλῆς,
1405 2257 1498 2334 Ἥρκ-

317 2366 413 2437 κλῆς,
453 2374 489 2427 ut
521 2363 652 2428 Antonii
682 2361 767 2427 tilius
802 2359 1029 2449 appellabatur
1064 2359 1276 2425 Alexandriae
1305 2361 1496 2431 Ἄντυλλος.

318 2468 410 2549 §24
434 2465 552 2538 ἄλλους
578 2465 764 2547 προσκύλει,
797 2464 911 2554 supple
942 2465 980 2529 σὺ
999 2466 1025 2541 δῖ
1048 2463 1166 2535 ἄλλους
1188 2462 1370 2543 προσκύλει.
1406 2466 1496 2549 526.

316 2568 384 2631 οὐδὲ
413 2569 514 2647 λύχνον
544 2570 621 2648 ἔδει,
651 2569 719 2657 lege
741 2568 836 2633 οὐδέν.
857 2605 902 2615 -
919 2566 1044 2639 πλείους
1075 2565 1256 2646 ῆμυριόυς,
1282 2564 1338 2629 hic
1367 2588 1497 2656 quoque

316 2674 447 2738 restitue
472 2681 563 2737 πλεῖν
588 2673 617 2747 'i-

362 2778 515 2868 Sequitur
544 2778 745 2843 suavissimus
770 2774 854 2841 liber
881 2772 949 2855 περὶ
975 2780 1034 2837 τῆν
1060 2773 1110 2837 ἐπὶ
1138 2774 1235 2854 μισύςῖι
1262 2773 1431 2855 συνόντων,
1461 2778 1496 2841 in

316 2904 381 2973 quo
408 2886 426 2968 §
449 2886 478 2949 1.
498 2906 557 2971 pro
580 2881 694 2951 ύςοιτον
713 2881 783 2969 lege
802 2878 928 2949 ύςούτιον
953 2901 989 2943 ex
1008 2878 1144 2943 Hortum
1165 2877 1287 2966 θάρρει.
1308 2879 1363 2945 111.
1386 2885 1437 2945 14.
1462 2882 1496 2945 τι’

315 2987 432 3070 πρῶτόν
457 3010 503 3051 τοι
526 2986 654 3066 ἔπειτοι,
675 2988 707 3051 τί
732 2989 757 3053 δ’
776 2984 900 3055 ὑςούτιον
921 2984 1106 3060 κκτκλέξιος
1134 2986 1151 3069 §
1176 2989 1206 3049 3.
1232 2986 1365 3049 δειπνεῖν
1381 2987 1494 3051 δεῖπνον

313 3100 474 3166 πολυτελῆ
498 3093 551 3157 xci
577 3092 769 3170 ἀσύμβολοι,
794 3089 909 3157 melius
935 3097 1095 3163 πολυτελῆ
1121 3074 1339 3167 ἀσυμβόλους.
1388 3092 1496 3157 Poetis

313 3198 363 3263 ius
383 3210 430 3265 est
451 3197 570 3263 diceret
595 3198 779 3275 ἀσύμβολον
799 3198 921 3261 κιύύοονκ
945 3194 989 3272 μῆ
1008 3194 1256 3273 ποιρκλίμποινε,
1275 3207 1329 3259 out
1347 3198 1493 3278 οὶσύμβο-

309 3303 365 3369 λύν
387 3328 423 3367 τε
447 3312 543 3384 χεῖρον
563 3302 757 3383 προσβκλεῖυ
780 3301 872 3383 βορρῆ,
899 3311 930 3364 et
952 3297 1083 3377 similia,
1104 3299 1274 3365 Luctsuus
1293 3302 1408 3367 maluit
1429 3303 1490 3368 At·

313 3408 392 3471 ticos
421 3408 526 3496 sequi,
550 3408 607 3496 qui
633 3428 741 3475 omnes
767 3406 948 3495 loquuntur
969 3417 1004 3473 ut
1028 3405 1210 3471 descramus
1229 3408 1262 3471 in
1287 3407 1489 3475 Tz'marchea

313 3536 346 3601 p.
374 3516 426 3590 11,
452 3515 504 3577 13.
528 3513 560 3575 τί
582 3512 644 3591 χρῆ
671 3511 794 3588 λέγειν,
825 3507 900 3575 ύτοον
923 3509 1080 3589 μειροὶκιον
1108 3510 1170 3575 νέον
1194 3522 1354 3586 πολυτελῆ
1377 3514 1489 3579 δεῖπνον

309 3619 418 3697 δειπνῆ
444 3615 640 3693 ἀσύμβολος.
673 3612 728 3689 ‚ln
751 3616 768 3697 §
790 3617 820 3677 9.
844 3614 981 3693 χρῆσύοιι
1007 3613 1080 3691 πρὸς
1105 3610 1124 3674 d
1145 3637 1175 3676 τι
1203 3612 1240 3677 dv
1266 3615 1407 3689 ε’ύέλωσι,
1433 3639 1488 3681 cx·

311 3742 418 3809 punge
438 3718 531 3799 πρύς,
559 3717 646 3806 quod
666 3739 761 3781 nemo
781 3738 934 3805 umquam
953 3716 985 3779 in
1006 3737 1042 3781 ea
1059 3739 1092 3779 re
1108 3716 1242 3781 addidit.
1276 3720 1293 3801 §
1317 3722 1367 3784 tl.
1392 3719 1427 3794 ῆν
1443 3722 1486 3785 τοὶ

310 3823 405 3905 lipsa
428 3823 563 3905 τρύξρς,
589 3824 661 3889 dele
686 3825 866 3890 articulum.
903 3826 920 3909 §
947 3827 997 3888 12.
1022 3824 1205 3903 ῆύτύχῆτκί
1227 3847 1272 3887 σοι
1298 3824 1407 3889 τύντκ
1429 3835 1485 3901 τῆς

254 3962 259 3970 ·
310 3930 407 4008 εὐχῆς
441 3927 597 4010 μειζύνιος.
652 3929 824 3997 Luctnnus
851 3929 1017 4019 scripserat
1046 3927 1154 3992 πούντοι
1185 3930 1284 4007 εύχῆς
1317 3931 1482 4013 μειζόνως,

1105 4056 1135 4093 W

309 4124 382 4177 nata
409 4125 455 4179 est
476 4112 692 4204 dittographia
712 4140 728 4181 e
748 4116 945 4182 correctione
966 4114 1079 4179 erroris
1103 4138 1221 4193 τυχῆς,
1245 4112 1321 4177 hinc
1343 4118 1481 4197 εύτυχῆς

305 4236 341 4295 Ε.
366 4230 513 4307 εὐτυχεῖς
540 4226 613 4305 ο111,
647 4236 702 4303 τῆς
725 4232 823 4311 εὐχῆς
855 4228 1015 4295 Sonnnus
1070 4226 1202 4293 Gravius
1225 4228 1322 4292 etiam
1344 4229 1480 4295 afflictus

305 4352 352 4407 est
372 4340 500 4431 locus§
526 4344 575 4405 15.
599 4342 763 4423 τεκμῆριον
787 4343 959 4419 ποιούμενοι
986 4344 1039 4404 τοῦ
1063 4340 1108 4417 μῆ
1130 4341 1204 4417 πκρ’
1227 4337 1318 4430 σ’ύλλῳΙ
1337 4339 1479 4420 πρύτερύν

304 4480 340 4521 σε
371 4453 599 4529 δεδειπνῆκὲνκι
629 4454 681 4517 rexi
709 4455 743 4519 τὸ
771 4455 873 4519 κοιινύν
902 4449 984 4518 sirei
1009 4475 1054 4515 σοι
1085 4451 1119 4514 τὸ
1145 4448 1372 4529 χειρύμοικτρον
1398 4451 1478 4515 τιύὲ-

301 4592 403 4645 μενον.
439 4566 611 4635 mirificum
638 4589 711 4633 sane
737 4564 868 4655 honest
885 4563 1057 4629 indicium:
1083 4563 1107 4627 si
1127 4561 1180 4627 oui
1203 4560 1337 4626 mantile
1359 4584 1477 4629 norum

249 4720 254 4727 -
300 4682 492 4770 apponitur,
508 4704 686 4774 numquam
704 4703 783 4753 eum
802 4680 878 4748 loris
897 4701 1046 4749 coenasse
1066 4686 1208 4767 apparet.
1242 4673 1321 4741 Istas
1340 4674 1476 4766 ineptias
