3767 5717
412 654 463 709 XX

412 828 646 928 erplioareet
667 828 718 901 sio
740 829 783 903 da
808 828 949 901 Litteris
976 830 1105 928 optimo
1126 833 1249 907 mereri
1274 842 1450 936 pergeret,
1476 860 1582 937 quarn

413 962 579 1037 librorum
614 956 742 1031 auxilio
774 955 963 1031 destitutus
1001 958 1143 1057 solaque
1183 961 1360 1037 divinandi
1399 964 1582 1054 facultate,

411 1113 483 1187 qua
523 1088 642 1163 minua
677 1087 787 1173 valet,
820 1085 937 1162 fretus,
959 1110 1064 1161 novas
1101 1088 1269 1164 editiones
1292 1088 1446 1166 'odonna
1476 1116 1583 1192 quam

412 1215 538 1289 melius
570 1213 759 1291 adornaret.
809 1216 891 1287 Nou
921 1216 1121 1314 estmagni
1149 1217 1582 1319 philologioitoperitura

410 1343 513 1419 oertis
539 1340 575 1417 et
597 1342 772 1417 duraturis
790 1350 1018 1441 anteponere,
1042 1352 1077 1417 et
1101 1347 1299 1443 aequalium
1314 1347 1476 1446 plausum
1496 1348 1583 1422 ferre

412 1472 514 1546 malle
546 1496 652 1570 quam
686 1495 797 1544 serere
827 1494 917 1568 quae
941 1478 978 1543 et
1002 1471 1101 1545 alteri
1132 1475 1267 1548 saeculo
1295 1475 1439 1573 prosint.
1481 1476 1583 1551 Prae·

409 1600 543 1674 olerum
562 1597 635 1688 est,
658 1596 753 1697 quod
775 1600 1022 1684 Puornraouus
1042 1600 1079 1672 iu
1101 1600 1251 1673 Perirla'a
1271 1601 1342 1674 vite
1362 1602 1469 1675 dixit:
1495 1608 1517 1693 ἡ
1541 1606 1586 1679 ἐν’

410 1736 465 1828 τῷ
479 1781 484 1789 ·
498 1742 621 1805 ποιεῖν
637 1730 824 1826 ἐὐχέρεια
854 1729 926 1802 οιαὶ
959 1729 1131 1822 ταχύτης
1157 1729 1228 1803 οὐκ
1258 1730 1435 1821 ἐντίθησι
1458 1730 1584 1827 βάρος

411 1858 509 1956 ἔργῳ
544 1859 717 1952 μόνιμον
747 1853 838 1934 οὐδὲ
872 1856 1031 1941 κάλλόος
1067 1856 1300 1954 ἀκρίβειαν,
1325 1855 1407 1935 ὁδ’,
1432 1857 1489 1942 εἰς
1514 1861 1582 1947 τὴν

396 1986 564 2090 Ῑγίνισιν
581 1992 635 2083 τῷ
663 1987 765 2083 πόνῳ
791 1982 1087 2083 προδανεισθεὶς
1114 1987 1261 2083 χρόνος
1287 1986 1329 2060 ἐν
1352 1994 1396 2081 τῇ
1417 1987 1584 2085 σωτηρίᾳ

411 2122 480 2189 τοῦ
511 2105 721 2213 γενομίνοο
755 2115 824 2202 τὴν
849 2108 968 2207 ἰσχὺν
988 2111 1252 2205 σίιοὸιδωσιν,
1278 2110 1340 2187 aad
1360 2114 1425 2189 hoo
1445 2138 1584 2213 quoque

411 2240 593 2339 egregium
615 2241 748 2314 dietum
771 2237 925 2314 socordia
943 2238 1123 2314 hominum
1150 2241 1243 2339 turpi
1265 2242 1401 2315 macula
1422 2238 1583 2315 obseura·

411 2376 491 2442 tum
507 2376 571 2443 est.
599 2367 823 2466 Quicumque
842 2366 948 2466 longo
967 2375 1001 2442 et
1018 2368 1157 2442 assidue
1173 2368 1288 2443 labore
1308 2369 1440 2468 aliquid
1461 2392 1582 2467 perpo-

411 2498 475 2570 lire
505 2503 541 2569 et
557 2492 725 2572 ‘omnibus
749 2495 903 2569 numeris
924 2495 1086 2593 perficere
1114 2503 1149 2567 et
1172 2496 1347 2569 elaborare
1371 2497 1461 2569 volet
1480 2496 1580 2570 intel·

411 2622 498 2720 liget
519 2646 744 2697 vorum’esse:
768 2624 832 2697 du
854 2624 876 2697 ὁ
895 2621 952 2708 εἰς
974 2625 1043 2713 τὴν
1068 2627 1218 2722 γένεσιν
1237 2630 1290 2720 τῷ
1312 2625 1416 2721 πόνῳ
1438 2621 1579 2723 προδα-

409 2752 581 2837 νεισθεὶς
613 2754 760 2851 χρόνος
800 2754 844 2828 ἐν
876 2764 921 2848 τῇ
958 2754 1122 2850 σωτηρίᾳ
1154 2759 1222 2829 τοῦ
1258 2756 1462 2851 γὀνομίνοο
1495 2754 1582 2827 τὸν

366 2893 369 2900 '
395 2883 560 2956 ’τόκον
585 2878 938 2956 ἀποδίδωσιν.-

471 3131 1071 3199 scribebamLu-oounrrBrrsnoaun„

509 3257 604 3299 menae
624 3236 741 3297 Octobri
760 3237 826 3297 anni
846 3254 1004 3299 nnooourv.
