3767 5717
868 583 933 646 265

307 779 388 848 cod.
407 789 446 844 Λ.
470 769 606 866 παῦσαί
616 775 755 857 obtulit,
778 777 893 844 melius
911 775 1010 862 etiam
1031 775 1067 843 F.
1093 771 1218 854 oreti'‚d
1240 776 1390 844 τύλαινα.
1440 779 1479 846 ln

311 891 369 965 te,
400 887 453 950 33.
485 882 643 949 edebatur
672 882 791 962 παύου,
835 879 857 947 ὦ
897 882 1079 964 Ἑρμαγόρα
1113 882 1265 960 βέλτιςε,
1301 884 1478 968 ἰαμβίζειν,

246 1016 250 1022 ’
306 989 426 1080 optime
453 1006 496 1054 tc
526 994 611 1055 παύε
641 999 817 1056 servarunt.
870 989 917 1054 Er
945 987 1058 1054 iisdem
1094 987 1172 1054 loeis
1200 986 1402 1054 sanciendum
1431 1001 1478 1056 est

303 1083 391 1185 quod
412 1097 469 1173 39,
492 1096 522 1157 2.
541 1093 658 1183 legitur
675 1095 794 1170 παύου,
828 1091 849 1158 ὦ
871 1101 1003 1172 Λυκῖνε,
1031 1091 1172 1174 τεροίςιόν
1196 1117 1226 1158 τι
1256 1091 1374 1188 καλλος
1398 1097 1477 1160 οὶνα-

301 1202 469 1280 πλείστων,
490 1199 539 1265 nil
559 1201 670 1267 iurant
688 1200 837 1279 Codices,
860 1212 893 1265 at
913 1200 964 1266 rel
983 1199 1090 1266 inritis
1110 1203 1193 1267 παύε
1215 1199 1366 1266 Lucrruo
1385 1201 1476 1265 resti·

301 1305 468 1372 tuendum.
502 1306 610 1372 Semel
629 1306 708 1373 mibi
726 1308 828 1374 παύου
846 1305 933 1396 apud
952 1306 1147 1396 antiquiores
1166 1304 1287 1372 lectum
1305 1305 1474 1398 est‚,apnd

302 1411 483 1552 Ernrernnr
506 1411 632 1480 Arnen.
653 1410 742 1501 Vlll.
766 1438 800 1504 p
821 1417 942 1479 etro.

361 1520 559 1600 ·ρόνψυχ
544 1520 679 1584 ντουτί.
704 1523 736 1607 Η
745 1519 847 1585 παύου
870 1523 998 1602 Φυσῶν,
1023 1515 1220 1583 Μακεδύν’
1200 1543 1222 1583 α
1224 1542 1318 1600 ρ.χοιν

301 1622 356 1686 eui
375 1620 569 1688 reddiderim
588 1626 665 1690 παῦ’
682 1621 731 1689 ούι
748 1629 868 1706 φυσῶσι
893 1643 981 1690 error
1001 1645 1018 1688 e
1039 1623 1194 1712 scriptura
1214 1633 1362 1690 HATOT
1384 1633 1476 1690 natus

300 1726 436 1802 videtur
490 1727 658 1849 Nusquam
689 1729 768 1795 alibi
796 1729 883 1820 apud
913 1729 1045 1796 Veteres
1076 1727 1139 1817 legi
1167 1729 1284 1802 παύου,
1321 1752 1385 1821 quo
1415 1729 1475 1796 soli

300 1831 450 1902 Graeculi
489 1834 651 1924 nequiores
682 1835 870 1902 abutuntur
926 1835 965 1900 ln
1005 1834 1070 1899 line
1100 1833 1157 1898 alii
1194 1834 1383 1915 βεβρακεις,
1420 1836 1476 1900 nlii

298 1937 467 2014 ἐδηδόκεις,
493 1939 555 2005 boe
574 1939 735 2006 veteribus
754 1941 939 2032 praeplacet
960 1954 993 2008 et
1012 1938 1242 2018 revocandum,
1266 1939 1348 2006 illud
1369 1940 1473 2010 solum

294 2041 452 2108 Graeculi
471 2057 645 2115 servarunt.
680 2049 698 2132 §
724 2050 772 2112 14.
796 2047 855 2112 ύπό
879 2045 987 2125 μύλην
1009 2044 1107 2127 ἔχων,
1134 2067 1247 2111 revoca
1267 2045 1325 2110 ύπό
1347 2044 1474 2126 μύλης,

301 2147 388 2238 qnod
408 2149 512 2216 solum
532 2152 689 2219 Graecum
705 2165 772 2233 est,
795 2151 836 2217 ef.
856 2155 937 2239 529.
962 2150 1007 2216 sio
1025 2172 1118 2240 saepe
1136 2150 1194 2218 ύπό
1212 2148 1327 2214 κόλπον
1349 2151 1474 2242 irrepsit

296 2274 356 2346 pro
377 2256 436 2322 ύπό
460 2256 588 2323 κόλπον.
638 2258 731 2324 Peius
752 2242 849 2323 etiam
870 2256 903 2321 in
924 2256 1098 2324 tonnano
1118 2266 1256 2322 erratum
1280 2252 1316 2318 V.
1331 2258 1383 2322 19.
1408 2267 1473 2330 τοῖς

296 2360 512 2447 ἐγχειριδίοις,
533 2360 556 2428 oi
578 2363 808 2450 [κεκρυμμένα]
834 2361 974 2445 ἐκόμιζον
1001 2362 1058 2426 ὑπὸ
1083 2357 1210 2436 μύλης,
1237 2358 1292 2423 ubi
1312 2361 1472 2428 emblema

295 2485 453 2554 erpnnge.
488 2468 505 2550 §
526 2470 580 2537 18.
602 2468 654 2532 τόν
669 2469 763 2548 μηρόν
778 2466 962 2543 ἐπιδείξαιο,
988 2463 1201 2532 necessarium
1221 2475 1268 2534 est
1288 2466 1468 2544 ἐπιδείξαις.

298 2574 317 2658 §
337 2572 389 2633 21.
412 2570 447 2644 ἥν
468 2594 504 2636 τε
525 2572 681 2653 εἰσφέρειν
705 2571 757 2653 δέη
773 2606 819 2622 -
833 2570 868 2646 ἤν
890 2595 927 2636 τε
945 2570 1118 2648 ἐπεξιέναι,
1144 2567 1218 2633 trita
1238 2580 1313 2637 suut
1332 2569 1471 2638 inbelle

297 2674 411 2752 ἐξιέναι
428 2667 591 2752 σῐέξοδσς,
611 2675 645 2750 ἦν
661 2699 709 2747 τις
724 2673 823 2753 ἔξοδος
839 2674 983 2752 γένηται.
1011 2671 1106 2764 Apud
1126 2673 1337 2740 Hnnononun
1354 2674 1404 2741 Vl.
1419 2681 1471 2742 56.

296 2778 408 2845 vitiose
424 2778 531 2844 editur
550 2781 581 2844 έν
598 2790 670 2863 τῇσι
693 2779 822 2862 ἐξοδίησι
844 2803 904 2870 pro
924 2789 995 2862 τῇσι
1012 2778 1155 2857 ἐξόδοισιε
1181 2780 1358 2876 composito
1378 2781 1470 2858 ε’πεξ·

294 2884 373 2950 ιέναι
395 2896 528 2952 nonest
549 2884 581 2950 in
598 2884 654 2950 tali
674 2907 708 2950 re
727 2884 828 2951 loeus.
864 2889 881 2971 §
903 2889 956 2950 24.
982 2883 1086 2960 πόντη
1108 2905 1188 2951 corr.
1209 2886 1291 2950 ποόνυ
1308 2902 1365 2949 τι.’
1382 2887 1399 2970 §
1416 2889 1470 2951 25.

294 2991 526 3072 Συρακουσίας
548 2991 603 3056 sio
622 2989 903 3120 Constantinopoli
931 2989 1150 3081 loquebantur
1175 3001 1207 3056 et
1228 3002 1347 3056 veteres
1371 2989 1469 3058 libros

172 3161 176 3168 ,
291 3096 552 3187 corrumpebant.
576 3097 707 3189 Ubique
724 3096 912 3178 Συρακόσιος
928 3093 1173 3162 restituendum.
1205 3097 1294 3180 pst.
1310 3096 1360 3160 ε’πί
1375 3101 1467 3179 φρον-

290 3202 379 3268 τίδαν
404 3224 485 3269 corr
509 3203 568 3268 υπό
591 3202 770 3292 φροντίδων.

287 3308 375 3374 Iu
385 3307 650 3438 Iearomemppo
672 3311 729 3386 16,
751 3312 784 3374 3
808 3310 1092 3388 mensuransque,
1119 3308 1300 3423 scribenpt.
1325 3285 1393 3410 §b
1413 3308 1465 3374 τόν

291 3414 413 3493 οὐρανόν
435 3414 520 3487 δῆύεν
543 3416 637 3479 αὐτόν
654 3416 904 3494 ἐπιμετρουντες.
949 3413 1023 3479 Non
1039 3424 1086 3480 est
1104 3414 1149 3480 rei
1165 3401 1358 3482 conveniens
1375 3435 1465 3478 oom-

292 3516 462 3606 positum’
448 3527 644 3598 επιμετρεῖν,
670 3517 855 3593 admetiri;
880 3511 1129 3598 ύναμετρσυντες
1151 3519 1303 3584 convenit
1324 3530 1380 3583 aut
1399 3520 1465 3583 δια-

290 3624 491 3702 μετροῦντες,
516 3634 571 3687 aut
589 3622 723 3712 simplex
741 3627 938 3703 μετροῦντες.
964 3627 1030 3710 §8.
1050 3621 1147 3698 όπόση
1162 3630 1222 3690 τῶν
1239 3623 1341 3703 λόγων
1361 3635 1464 3689 trans·

288 3727 374 3818 pone
403 3731 463 3790 τῶν
487 3726 589 3804 λόγων
613 3726 720 3802 όπόση.
752 3728 774 3811 §
788 3729 849 3792 21.
872 3725 957 3790 πόσοι
985 3728 1045 3803 ἐγὼ
1069 3728 1284 3807 συνεπίςαμαι
1311 3731 1417 3801 αὐτοῖς
1442 3727 1464 3794 όί

289 3831 481 3913 πρόττουσι,
516 3830 589 3919 dele
615 3831 654 3914 όί,
681 3855 756 3898 nam
784 3830 957 3913 πρόττουσι
986 3832 1192 3923 participium
1213 3847 1270 3902 est.
1312 3837 1404 3920 §24
1427 3837 1463 3901 τό

288 3935 466 4014 Ὀλύμπιον
488 3959 569 4004 corr.
581 3938 804 4017 Ὀλυμπίειον,
827 3947 863 4000 ut
885 3939 1010 4022 reete§
1036 3939 1076 4001 16
1098 3939 1320 4016 Ἀσκληπιείου
1342 3940 1465 4031 reposi-

282 4053 359 4106 'tum
377 4052 425 4106 est
445 4066 504 4133 pro
524 4045 738 4118 Ἀσκληπιοῦ,
769 4041 868 4133 paulo
892 4055 966 4133 post
984 4041 1119 4110 emenda
1138 4045 1327 4125 πανηγύρεις
1349 4045 1462 4126 ύγουσι

287 4170 345 4238 pro
365 4147 532 4225 ἀνοίγουσι.
566 4151 585 4234 §
606 4150 660 4212 31.
682 4146 789 4212 ταύτοί
809 4171 861 4226 μοι
881 4151 966 4215 δοκεῖ
982 4149 1104 4238 corrige
1122 4147 1199 4214 τόδε
1222 4172 1273 4226 μοι
1298 4151 1390 4216 δοκεῖ.

306 4254 321 4303 f
333 4251 373 4319 ln
390 4255 443 4318 bis
460 4263 621 4320 accusato
642 4256 695 4332 47,
716 4259 746 4320 8.
767 4276 826 4345 pro
846 4264 1024 4321 καταπτοῖο
1045 4252 1147 4321 seribe
1165 4252 1359 4328 κατόπται,
1381 4268 1412 4321 et
1429 4257 1462 4322 in

286 4360 531 4428 Autsroemurs
556 4362 759 4451 Lysistrata
777 4365 853 4427 774.
875 4359 1081 4426 ύνοίπτυνται
1101 4383 1161 4451 pro
1181 4361 1402 4434 ἀναπτῶνται,
1429 4374 1461 4426 et
1537 4388 1539 4392 ¹

285 4467 319 4531 in
348 4468 532 4534 lluuouoro
555 4467 608 4536 lV.
631 4471 705 4534 132.
733 4468 917 4542 όνοίπτησόε
935 4489 994 4557 pro
1013 4467 1215 4540 οίναπτῆσόε,
1241 4472 1273 4528 et
1295 4461 1329 4526 in
1350 4463 1462 4532 Xurto·

285 4590 425 4640 rueme
444 4575 627 4642 Memorad.
647 4572 705 4640 111.
719 4593 766 4640 xr.
779 4578 810 4640 5.
833 4573 888 4638 έόιν
904 4581 986 4652 μυῖα
1004 4567 1202 4654 πρόσπτηται
1222 4591 1282 4659 pro
1300 4573 1460 4648 προσπτῆ-

284 4701 351 4744 ται.
383 4677 483 4749 Recte
503 4682 721 4762 κατάπτωμαι
750 4679 868 4770 legitur
888 4677 921 4743 in
942 4676 1199 4768 Icaromemppo
1223 4677 1282 4749 46,
1304 4677 1356 4742 13.
1391 4677 1409 4760 §
1428 4679 1460 4742 9.

1225 4791 1256 4832 ro
