3767 5717
842 619 903 684 121

152 824 156 836 ·
285 795 425 879 παριέναι
448 793 519 862 είτω
541 798 601 860 τῶν
621 793 869 877 περιρραντηρίων
886 789 950 870 ίςις
965 794 1010 874 μέν
1037 789 1166 873 ιἰαίαρίς
1189 789 1236 860 έςι
1259 787 1319 864 τίος
1340 793 1471 871 χεῖρας,

146 931 157 957 r
283 903 298 968 ί
321 903 348 968 δ’
370 901 466 985 ἱερεὺς
487 902 582 975 αὐτὸς
611 896 719 975 ἕςνκεν
747 898 930 982 ᾑμαγμένος
958 897 1010 964 καί
1034 891 1134 977 έίτπερ
1157 896 1172 961 ί
1195 893 1334 975 Κύκλωψ
1358 893 1470 966 ἐκεῖνος

283 1006 465 1085 οὶνατέμνων
485 1007 537 1072 καί
554 1006 599 1072 τίν
610 1003 738 1084 ἔγκατα
753 1002 878 1087 ἐξαίρων
897 1003 1015 1094 (scribe
1037 998 1174 1088 έξαιρῶν)
1199 997 1251 1065 καί
1270 997 1474 1079 καρδιουλκῶν

148 1150 158 1170 v
285 1110 338 1176 καί
365 1111 401 1176 τὸ
423 1105 506 1190 αίμα
529 1112 572 1193 τιῖι
592 1111 690 1193 βωμῷ
716 1108 868 1192 περιχέων
896 1109 949 1175 καὶ
981 1109 1014 1175 τί
1039 1106 1103 1189 γὰρ
1134 1107 1189 1171 οὐκ
1215 1104 1343 1182 εὐσεβές
1370 1105 1473 1170 ἔπιτε·

145 1251 148 1262 ·
285 1222 364 1289 eece
386 1213 482 1280 viden
504 1215 623 1295 ἀσεβές
647 1233 759 1280 verum
780 1211 876 1280 esse?
900 1214 936 1280 lo
959 1211 1071 1280 eadem
1088 1230 1124 1278 re
1143 1207 1267 1276 scribae
1290 1207 1475 1275 titubarunt

145 1349 164 1392 »ς
287 1323 330 1384 14
344 1369 353 1396 ‚
368 1322 419 1385 19.
441 1317 496 1384 ubi
512 1317 764 1400 ωίίίασεβέτερος
777 1368 787 1397 ,
800 1317 855 1384 aiii
878 1317 1076 1402 εὐσεβέτερσς
1101 1314 1279 1393 dederunt,
1305 1321 1336 1380 et
1357 1317 1422 1391 40,
1442 1315 1474 1378 8.

145 1461 165 1498 ;.
220 1443 228 1458 ’
289 1422 345 1491 ubi
362 1423 487 1502 ἀσεβῶς
504 1429 536 1488 et
551 1423 688 1501 εὐσεβῶς
709 1421 973 1502 confunduntur,
989 1431 1023 1489 et
1045 1419 1120 1488 olibi
1144 1428 1177 1487 et
1192 1419 1313 1507 passim
1336 1419 1370 1483 io
1389 1417 1477 1483 simi·

162 1594 166 1605 ,
289 1525 397 1602 libus,
423 1526 610 1612 saepissime
628 1526 818 1605 emendata,
850 1534 900 1594 sat
927 1546 1022 1614 saepe
1049 1532 1144 1593 acuto
1170 1522 1285 1591 lectori
1304 1520 1347 1589 ad
1370 1541 1476 1594 emero

290 1629 436 1697 dandum
465 1631 592 1710 relicta,
616 1630 656 1698 de
678 1651 742 1718 qua
770 1632 862 1718 copie
881 1651 969 1698 nunc
1000 1627 1307 1715 uuumexemplum
1334 1624 1478 1693 delibabo

290 1734 443 1802 Aescurm
464 1755 570 1802 causa.
629 1735 666 1802 iu
690 1735 797 1802 Puoru
820 1735 936 1802 heroico
964 1735 1102 1822 legitur:
1138 1732 1307 1801 Ὀκτοίποιν
1331 1731 1474 1812 ποταμὸν

288 1840 451 1922 Αἰσχύλος
473 1840 684 1907 διαπέτλευκε
704 1839 899 1916 Νεανίσκοις.
945 1841 1045 1908 Nemo
1067 1835 1189 1906 dicitur
1217 1837 1360 1904 διαπλεῖν
1382 1859 1480 1902 ποτα·

289 1942 349 2025 μίν
372 1964 431 2030 pro
456 1946 664 2027 διαπερᾶσαι,
700 1953 732 2012 et
764 1964 826 2011 nor.
851 1943 915 2012 fuit
940 1965 1095 2032 umquem
1117 1946 1145 2010 is
1174 1943 1292 2010 fluvius
1312 1943 1345 2006 in
1369 1960 1480 2009 rerum

291 2056 432 2128 natura,
456 2050 631 2116 Aesontius
654 2069 728 2116 eum
755 2049 971 2117 διαπέπλακεν
989 2052 1019 2116 ἐν
1046 2049 1239 2128 Νεανίσκοις.

336 2154 405 2221 Νοιι
431 2154 540 2220 miuus
559 2155 733 2242 protritum
752 2163 802 2221 est
825 2155 859 2224 in
879 2153 1029 2220 omnibus
1046 2153 1136 2220 libris
1158 2153 1288 2240 scriptis
1302 2151 1480 2220 vetustissi-

291 2258 377 2334 mis,
410 2259 661 2338 recentissimis,
691 2285 706 2326 ε
734 2270 767 2328 et
793 2281 825 2326 αι
852 2260 1095 2346 imperitissime
1117 2256 1272 2326 contundi
1303 2264 1336 2326 et
1364 2257 1481 2344 permi-

293 2364 387 2430 sceri.
434 2363 483 2429 Ex
506 2364 639 2451 antiquo
660 2364 836 2452 exemplari
859 2363 953 2431 fluxit
976 2384 1067 2432 error
1089 2365 1123 2430 iu
1147 2364 1239 2430 libris
1265 2367 1328 2438 11,
1358 2368 1387 2429 5.
1425 2361 1480 2428 ubi

291 2477 339 2536 est
352 2465 478 2536 δικοίσαι
496 2493 548 2535 τισ
563 2468 644 2546 ἄτην
656 2489 714 2556 pro
737 2470 831 2536 δίκασ
852 2468 1013 2546 έτισοίτκν.
1048 2469 1105 2537 Vel
1124 2468 1237 2547 ιίδαίων
1252 2466 1404 2536 exhibent
1423 2487 1481 2554 pro

291 2573 387 2651 ἡδέων
410 2574 490 2663 (57,
516 2572 572 2662 26)
596 2582 629 2640 et
651 2574 829 2657 παραναίων
853 2593 911 2660 pro
933 2575 1110 2652 αιίιιαίαιιι,
1128 2572 1287 2656 παρανέων
1307 2571 1357 2661 (9,
1371 2577 1411 2651 8,
1433 2570 1478 2660 2).

293 2677 395 2764 Saepe
419 2677 526 2764 gliscit
556 2697 647 2744 error
666 2677 818 2745 ulterius:
839 2677 922 2761 φέρω
938 2699 979 2745 ao
1000 2679 1102 2762 φαίνω
1128 2679 1171 2744 sit
1198 2674 1404 2743 scribendum
1426 2695 1480 2743 uo·

293 2783 354 2849 stri
382 2790 432 2849 est
457 2781 607 2856 arbitrii,
641 2802 704 2848 oon
737 2781 929 2849 scribarum.
990 2783 1043 2850 Sic
1062 2784 1203 2867 ῥαίνσμαι
1229 2789 1342 2846 natum
1369 2788 1418 2847 est
1441 2801 1481 2850 ex

293 2887 400 2972 ῥέομαι
422 2891 553 2965 49,11.
573 2887 832 2968 εὐδαιμονίζουσιν
854 2889 969 2964 αὐτοὺς
992 2885 1106 2970 αίματι
1124 2885 1313 2972 ῥαινομένους
1335 2886 1480 2968 ὁρῶντες,

293 3010 403 3058 rerem
424 2992 622 3078 scripturam
641 2983 801 3074 ῥεομένους
821 2995 1031 3080 praestabunt
1044 2992 1078 3058 hi
1095 2992 1177 3059 loci:
1201 2992 1236 3056 in
1252 2989 1313 3056 hoo
1325 2991 1394 3077 ipso
1415 2989 1481 3058 dia·

291 3095 364 3182 logo
392 3094 416 3186 §
443 3101 497 3162 58.
521 3100 557 3175 ἢν
587 3091 658 3181 ίρρῖς
684 3098 798 3171 αὐτοὺς
822 3097 872 3164 έπί
891 3101 934 3181 τῷ
958 3099 1055 3181 βωμῷ
1081 3093 1195 3175 αίματι
1221 3094 1394 3178 ῥεομένους,
1415 3100 1478 3173 10,

295 3205 356 3275 14,
381 3206 412 3267 s.
435 3202 462 3266 εί
483 3200 631 3281 βλέποιέν
653 3225 688 3267 σε
712 3200 827 3284 αἵματι
847 3203 1001 3288 ῥεόμενον,
1022 3208 1082 3281 55,
1107 3207 1159 3268 71.
1184 3202 1254 3284 ίροῖν
1284 3197 1398 3280 αἵματι
1419 3205 1479 3285 ῥεο·

292 3304 412 3385 μένους.
461 3304 514 3374 sic
547 3305 649 3388 ίδριῖιτι
680 3305 819 3388 ῥεέμενος
849 3307 972 3396 legitur
998 3311 1061 3386 16,
1088 3312 1119 3374 5.
1145 3310 1209 3385 20,
1236 3311 1255 3373 tt
1279 3312 1313 3372 et
1340 3311 1383 3374 55
1395 3306 1479 3383 ,11.

297 3408 574 3491 Quemadmodum
593 3413 658 3489 26,
681 3416 733 3478 15.
757 3412 954 3480 dissentiunt
972 3411 1047 3478 libri
1067 3419 1180 3479 utrum
1191 3410 1325 3496 φέροντα
1345 3432 1386 3478 au
1405 3412 1485 3497 φκί·

293 3538 385 3582 νοντα
405 3534 517 3582 rerum
542 3516 606 3589 sit,
635 3515 683 3582 sic
707 3516 783 3584 olim
800 3524 849 3584 est
872 3516 1048 3584 titubatum
1074 3516 1108 3583 in
1131 3517 1302 3584 Pourmoru
1323 3515 1427 3583 Nemo
1452 3524 1481 3584 1.

295 3619 551 3694 reuiuesceret
579 3622 631 3685 νῦν
654 3621 846 3701 φαινομένας
877 3625 932 3688 οὐκ
954 3622 1074 3696 οίλνέιῒις
1100 3623 1303 3699 συγκείσίαι,
1323 3620 1483 3689 edendum
1582 3701 1584 3710 y
1620 3641 1623 3648 ’

293 3723 496 3806 φερομένας,
519 3731 553 3790 et
576 3723 610 3787 iu
632 3722 779 3791 uroorsro
807 3724 910 3792 Helie.
940 3725 993 3792 xi.
1016 3729 1069 3792 62.
1104 3729 1158 3792 οὐκ
1188 3727 1222 3792 έν
1248 3723 1391 3801 ιὶποίσαις
1414 3733 1485 3802 ταῖς

297 3831 487 3908 Ῥωμαϊκαῖς
512 3829 758 3912 χρονογραφίαις
784 3830 965 3915 οίμφίτεραι
981 3830 1165 3914 φαίνονται,
1186 3848 1303 3917 repone
1325 3830 1482 3915 φέρονται.

239 3920 243 3928 ’
297 3933 334 3999 Iu
368 3931 540 3999 Pruruuum
568 3932 755 4002 Timoleonte
785 3940 827 4000 27
850 3934 920 4022 lege
945 3934 1219 4018 παραφαινομένου
1240 3953 1299 4022 pro
1326 3942 1483 4020 περιφερο·

291 4038 413 4119 μένου,
437 4038 472 4103 iu
493 4028 594 4105 Bruto
627 4044 678 4106 15.
703 4043 720 4117 ί
743 4039 867 4124 erasm
891 4039 1018 4126 ἐξέφερε
1048 4039 1202 4107 scribitur
1232 4058 1290 4126 pro
1321 4039 1485 4124 ἐξέφαινε,

297 4143 332 4208 in
355 4141 501 4229 έρσυιρσ
526 4149 579 4210 11.
602 4142 731 4221 ἐξέπεσε
757 4145 946 4232 pervulgato
968 4163 1078 4212 errore
1106 4163 1164 4231 pro
1185 4142 1331 4222 ἐξέπαισε
1353 4146 1483 4233 legitur.

293 4246 335 4312 ,1η
360 4247 544 4315 nominibus
567 4250 706 4336 propriis
734 4269 828 4337 saepe
855 4251 989 4318 vitiosae
1019 4248 1141 4316 formae
1164 4250 1303 4318 nimium
1326 4244 1486 4340 patienter

292 4359 492 4431 serventur,
519 4355 648 4428 Κεκίνας
673 4354 706 4419 in
734 4353 851 4422 Otltooe
873 4361 915 4435 ts,
944 4361 1111 4430 Ksoronrcio
1129 4355 1162 4420 in
1183 4354 1315 4422 Romulo
1345 4361 1404 4436 16,
1428 4369 1484 4426 Κε-

299 4458 395 4531 κίλιος
412 4464 445 4524 et
468 4459 599 4525 Κεκιλία
623 4459 655 4525 in
675 4459 879 4528 Demosthene
898 4466 940 4537 5,
962 4460 1132 4528 Lucullei.
1157 4462 1353 4543 Κυναίγειρος
1373 4482 1483 4548 quam·
1555 4473 1560 4483 ’

289 4582 394 4648 quam
420 4582 538 4630 nomeu
562 4563 657 4631 habet
680 4566 824 4648 παρίασί
848 4566 908 4640 τοὶς
929 4567 1023 4642 κύνας
1043 4566 1193 4648 ἐγείρειν,
1218 4573 1325 4632 tamen
1346 4577 1485 4654 praeter·
1610 4585 1613 4594 ’

295 4688 391 4765 quom
412 4667 628 4766 oprrtltpoetas
647 4679 799 4759 corrupto
820 4688 947 4738 nomme
962 4670 1281 4740 circumambutat‘ct
1302 4671 1386 4760 opud
1407 4675 1485 4745 alios
