3767 5717
856 592 950 665 189.

296 790 473 883 scripserat
491 786 760 876 festivuspobta:
795 839 800 849 .

444 884 646 973 ’ἐπιθυμίας
672 892 823 971 ἐμίαινε
846 897 905 957 τῶν
930 891 1141 971 ἡδυσμάτων..

347 995 385 1062 ln
407 999 602 1065 Ertcusnrtt
620 1000 798 1089 fragmento
816 1021 879 1063 non
899 997 1054 1063 dissimile
1077 997 1190 1064 vitium
1212 998 1391 1090 legentibus
1411 999 1472 1062 im-

299 1105 391 1194 ponit
411 1106 497 1196 apud
518 1106 725 1171 brnrssnuu
752 1104 822 1176 vlt.
844 1130 875 1195 p.
895 1108 959 1169 277
980 1124 1009 1171 r.

1116 1194 1231 1275 καμέαι
1254 1197 1305 1263 δύο

421 1300 675 1381 διατεταγμέναι
695 1299 790 1379 μέσαι
815 1298 941 1382 Φοέσσαι
966 1322 1002 1363 τε
1025 1305 1200 1364 τοσσαῦται
1224 1308 1336 1383 παρῆν.

301 1416 433 1483 Ridebis
452 1418 552 1496 οξμιάς
577 1416 833 1498 διατεταγμένας
858 1417 961 1496 μέσας
980 1428 1152 1508 postquem
1172 1440 1277 1485 reram
1297 1418 1470 1486 lectionem

299 1522 496 1611 cognoveris.
545 1521 582 1587 ln
604 1523 700 1587 unico
721 1520 840 1597 Codice
859 1521 1043 1588 Marciano
1068 1523 1186 1612 legitur
1204 1526 1472 1602 διατεταγμαμε-

299 1652 459 1707 ναιμεσαι.
507 1625 669 1717 Scriptum
690 1639 757 1693 eret
775 1629 809 1692 in
825 1638 951 1692 retusto
974 1627 1058 1693 libro
1078 1634 1469 1691 AtATuTMnMENAI.

298 1732 409 1798 Scribe
431 1754 531 1820 quum
552 1731 688 1797 dedisset
708 1734 865 1809 διατεταγ
885 1731 983 1796 sensit
1001 1753 1141 1796 errorem
1163 1742 1195 1795 et
1213 1754 1355 1808 μαμεναι
1378 1730 1471 1796 addi·

297 1838 364 1915 dit,
394 1850 481 1903 recte
500 1840 525 1903 si
545 1864 591 1917 ey
611 1838 811 1929 expunxisset
831 1837 880 1903 vel
901 1837 1031 1928 punctis
1049 1846 1197 1904 notasset.
1242 1834 1363 1901 Redde
1374 1837 1472 1925 igitur

300 1950 414 2033 potitae
435 1945 687 2024 διατετμαμέναι
703 1944 810 2024 μέσαι.
859 1941 896 2007 ln
917 1966 954 2009 eo
972 1943 1075 2008 formo
1096 1940 1241 2019 dicendi,
1260 1956 1356 2032 quem
1377 1953 1471 2007 note-

302 2047 424 2126 vimus,
453 2050 620 2140 perspicue
645 2060 776 2140 apparot
803 2047 991 2114 Graecitatis
1013 2048 1125 2133 veteris
1148 2059 1180 2113 et
1200 2047 1340 2114 novitiae
1359 2046 1474 2113 discri-

303 2164 388 2221 men'.
438 2153 566 2220 Veteres
594 2168 627 2221 et
653 2154 778 2246 probati
799 2153 968 2246 scriptores
988 2154 1137 2220 dicebant
1156 2152 1393 2234 ἐτιτέτραμμαι
1416 2153 1473 2227 την

295 2258 410 2333 πόλιν,
436 2260 637 2341 novicii-inge
662 2261 718 2335 την
742 2258 832 2324 πόλιν
858 2259 1156 2341 ἐπιτετραμμένην,ρ
1174 2257 1223 2322 illi
1241 2256 1400 2334 λελυμένη
1416 2258 1473 2331 την

299 2362 413 2442 κόμην,
440 2362 474 2429 bi
495 2364 668 2445 λελυμένην
692 2364 748 2438 την
773 2362 870 2441 κόμην
893 2363 1030 2445 ἔχοντα,
1055 2363 1106 2427 illi
1125 2361 1327 2443 ἐξηρτημένος
1345 2359 1472 2433 δέλτον.

302 2468 337 2533 hi
364 2468 571 2550 ἐξηρτημένην
602 2466 682 2548 έχων
715 2478 747 2531 et
776 2467 891 2557 possim
921 2468 961 2531 in'
986 2466 1153 2532 similibus.
1200 2463 1323 2530 Deinde
1353 2463 1475 2529 scribae

303 2587 442 2642 veterem
462 2576 554 2638 usum
577 2585 752 2661 coeperunt
772 2571 811 2637 ed
833 2594 920 2637 suern
942 2572 1209 2638 consuetudinem
1229 2570 1399 2657 reingere,
1417 2591 1476 2634 cu·
1525 2558 1532 2575 ’

303 2679 424 2745 iusrei
450 2677 553 2743 multa
581 2676 776 2764 exemplein
798 2675 957 2766 ferrugine
977 2677 1228 2769 discrepantium
1248 2676 1475 2765 scripturarum

303 2784 450 2873 reperies.
496 2780 534 2845 In
563 2779 705 2847 Lucrtttt
731 2778 865 2848 Somnio
884 2784 938 2845 vel
959 2780 1073 2860 Gallo,
1099 2790 1156 2860 45,
1181 2786 1233 2847 12.
1262 2792 1348 2846 recte
1370 2779 1478 2845 editur

305 2888 489 2961 δακτυλίους
520 2888 630 2967 βαρεῖς
660 2888 832 2966 ἐξημμένος
862 2893 921 2951 τῶν
938 2884 1126 2954 δακτύλιον.
1161 2890 1263 2973 513..
1278 2887 1394 2967 χρυσὸν
1421 2886 1477 2951 καὶ

305 2992 436 3075 έιργυρον
459 2998 518 3058 τῶν
542 2991 706 3073 βοτρύχοιν
729 2986 901 3071 ἐξημμένος
927 3005 959 3059 et
977 2994 1089 3084 paullo
1109 3005 1182 3085 post
1199 2994 1306 3075 χρυσῷ
1331 2991 1478 3057 ἀναδεδε-

304 3098 394 3178 μένος
414 3098 485 3170 τοὺς
510 3089 711 3176 τλοκοέμους,
738 3121 820 3189 quoe
842 3099 1002 3165 verissimo
1023 3106 1179 3191 scriptura
1204 3100 1236 3163 in
1260 3096 1387 3162 duobus
1409 3110 1480 3163 teu·

303 3214 373 3267 tum
395 3202 484 3267 libris
505 3213 628 3291 reperte
649 3215 705 3269 est.
753 3202 879 3271 Geetcri
901 3228 1011 3271 omnes
1040 3205 1270 3285 διαδιδομένους
1299 3203 1370 3274 τοὺς
1400 3216 1479 3267 τλο-

304 3306 422 3385 καμους
446 3306 531 3389 ἔχειν
552 3308 603 3373 rel
621 3310 862 3389 ἀναδεδεμένους
886 3312 957 3384 τοὺς
978 3310 1161 3389 τλοκιέμονς
1185 3310 1285 3390 ἔχειν,
1311 3329 1394 3397 quae
1409 3330 1480 3372 me·

223 3444 227 3453 ¹
303 3412 418 3477 nilestu
445 3413 650 3503 interpolatio
679 3426 733 3480 est.
782 3413 820 3480 ln
844 3416 950 3505 primo
974 3416 1120 3505 exemplo
1138 3416 1172 3480 in
1195 3414 1357 3490 omnibus,
1385 3435 1479 3503 proe-

293 3528 449 3605 terquem
477 3517 511 3582 in
543 3516 613 3596 tc,
645 3530 691 3609 est
721 3518 930 3597 ἐξημμένους,
967 3543 1050 3610 quoe
1080 3521 1183 3609 prima
1207 3519 1288 3584 solet
1311 3540 1377 3583 esse
1400 3516 1480 3582 meli

306 3621 411 3700 lebes,
435 3633 470 3685 ut
493 3620 527 3685 in
547 3621 653 3687 Luner
674 3624 908 3689 Paetorulz'bus
929 3648 1000 3715 pag.
1019 3627 1072 3690 24.
1098 3622 1258 3690 Countttu.
1277 3622 1405 3701 ἐκόμισε
1425 3621 1481 3685 σύ-

305 3748 405 3805 ριγγα
427 3722 612 3801 βονκολιαην
638 3726 803 3805 καλοέμους
823 3729 911 3793 ἐννέα
932 3731 1048 3809 χαλκῷ
1076 3730 1253 3807 δεδεμένους
1280 3727 1350 3791 ἀντὶ
1376 3730 1478 3805 κηροῦ.

305 3826 457 3894 (luuntur
478 3827 517 3893 de
537 3850 594 3894 suo
613 3841 685 3919 post
704 3829 869 3909 καλοέμουι
890 3832 1023 3899 inseruit
1043 3832 1192 3914 ἔχουσαν,
1241 3832 1346 3898 Multo
1365 3830 1480 3895 melius

228 3974 235 3981 -
296 3931 491 3997 emendabis
511 3933 685 4010 δεδεμένην.
734 3933 771 3999 ln
793 3936 1030 4005 Turonorum
1054 3936 1365 4004 characteribusv.
1385 3936 1480 4007 δεινὸς
1587 3980 1590 3984 ›

306 4038 482 4113 κτήσασθαι
511 4072 554 4088 ·-
577 4037 714 4103 αὐλαέαν
742 4037 878 4119 ἔχουσαν
903 4042 1026 4125 Πέρσας
1051 4045 1300 4125 ἐνυφασμένους,
1335 4042 1392 4133 qui
1416 4053 1482 4108 tom

297 4142 386 4207 -bene
417 4140 522 4205 Attice
554 4141 675 4205 sciebat
703 4142 825 4210 dixerat
847 4148 987 4213 αιἰλαιάν
1016 4147 1139 4228 Πέρσας
1161 4148 1392 4231 ἕνυφασμένην.
1440 4145 1479 4212 ln

301 4246 438 4324 libello,
476 4247 532 4336 qui
560 4247 758 4314 Ptuttttcm
791 4251 921 4316 nomine
951 4252 1194 4329 circumfertur,
1236 4252 1278 4317 de
1304 4254 1480 4318 mulierum

297 4354 484 4417 virtutibus
503 4377 533 4443 p.
555 4356 621 4418 254
641 4370 670 4419 c.
693 4354 847 4435 ἔχεινκαὶ
870 4357 1096 4435 τετιςευμένος
1114 4356 1214 4438 ἔρυμα
1234 4358 1321 4423 κατα
1337 4365 1393 4431 τῆς
1410 4362 1481 4419 Νοο-

307 4458 383 4545 stou
403 4457 522 4530 τέλειος
543 4470 678 4548 apparet
696 4458 777 4539 ἔχων
801 4461 857 4526 καί
878 4462 977 4528 sciolo
999 4462 1119 4529 deberi.

351 4563 390 4629 In
411 4563 557 4631 Lucttttt
574 4565 679 4630 serbis
699 4567 879 4647 καταχθεὶς
898 4570 954 4642 την
967 4567 1094 4647 yvetot,
1117 4565 1317 4647 ταταχέεές,
1337 4576 1378 4636 ,ut
1397 4563 1478 4631 inlro

296 4668 523 4752 ostendemus,
547 4672 693 4740 Luctsrtt
709 4674 816 4741 errore
837 4696 896 4763 pro
918 4672 1054 4754 πληγείς
1073 4673 1213 4765 positum
1233 4679 1300 4752 est.
1321 4674 1378 4747 την
1398 4672 1478 4751 νυοί-
