3767 5717
975 595 1039 662 180

418 796 553 868 ούπνοοι,
580 802 729 857 neutrum
747 789 829 857 berre
845 788 941 857 hehet
962 782 1161 868 reddere,
1184 804 1220 857 ot
1235 787 1322 858 εύνοι.
1352 792 1426 885 Peg.
1441 795 1486 859 99
1505 785 1595 885 leger

416 902 582 977 οίπήλαυνε
614 898 669 971 τήν
691 894 813 974 οίγέλήν
838 896 964 979 συρίζων
987 898 1094 968 νυκτὸς
1121 897 1177 973 ἤδη
1203 896 1402 975 γενομένης,
1421 892 1591 974 ἐπήλαυνε

416 1006 448 1069 δέ
473 1004 525 1069 καί
552 1005 568 1078 ή
599 999 694 1075 Χλίή.
743 999 776 1065 Ρ.
798 1003 850 1067 95.
884 1000 1067 1084 προίγματα
1103 1001 1261 1082 παρέχων.
1294 1001 1390 1079 έμέν
1412 998 1474 1069 οὖν.
1507 999 1590 1070 Cod.

416 1108 563 1188 παρέχων
594 1104 795 1187 προίγματα.
824 1101 909 1179 οὗτος
942 1109 1000 1190 μὲν
1032 1102 1092 1172 ούν.
1142 1105 1176 1174 P.
1197 1110 1249 1173 96.
1279 1107 1332 1171 καί
1363 1106 1501 1186 νέμουσα
1533 1108 1589 1174 καὶ

417 1213 592 1293 νομίζουσα.
625 1209 838 1300 dittographie
867 1224 923 1276 est.
955 1210 1026 1277 dele
1057 1211 1110 1275 καί
1131 1212 1291 1289 νέμουσα.
1340 1212 1374 1277 Ρ.
1400 1217 1458 1279 97.»
1489 1212 1593 1278 κατοί-

416 1332 523 1383 πλουν.
551 1316 670 1405 optimc
692 1313 799 1380 Codex
822 1316 984 1381 ε’πίπλουν.
1000 1358 1036 1369 -
1055 1312 1142 1380 ὅπλα
1162 1325 1265 1384 κινεῖν.
1293 1314 1371 1383 Cod.
1390 1317 1433 1383 τέο
1452 1315 1539 1383 ίπλα
1553 1356 1593 1405 'i'

416 1418 549 1501 ταχύνει
575 1422 605 1485 δὲ
626 1420 677 1485 ἐπὶ
701 1420 756 1494 τήν
779 1419 868 1485 πόλιν
895 1424 1005 1497 αύτήν.
1035 1419 1245 1501 ταχύνειῗοεῐ
1270 1423 1382 1489 infelix
1413 1420 1595 1506 Coumrnrl

416 1522 609 1591 coniectura.
653 1521 787 1590 Codices
815 1526 903 1605 ταχὺ
934 1525 977 1589 δέ.
1012 1524 1132 1589 scribe:
1161 1526 1250 1606 ταχὺ
1280 1527 1311 1591 δέ
1337 1528 1388 1592 ἐπί
1419 1528 1476 1602 τήν
1500 1526 1592 1592 πόλιν

417 1628 514 1704 αύτήν
542 1625 628 1707 ήγεν.
677 1630 713 1695 P.
734 1634 786 1694 99.
810 1629 852 1693 τέο
876 1629 984 1709 δένδρα
1006 1628 1092 1710 ἐῴκει
1117 1632 1370 1709 καταχωμένοις.
1396 1629 1593 1698 vocobulum

416 1734 512 1799 nihili
540 1736 780 1815 καταχωμένοις
812 1733 998 1802 courrrero
1026 1734 1177 1813 debetur,
1209 1736 1265 1824 qui
1293 1737 1592 1820 κατακεχωσμένας

417 1836 543 1905 ridetur
563 1839 708 1907 voluisse.
730 1839 863 1905 Codices
884 1840 1152 1917 κατακλωμένοις.
1178 1839 1212 1904 Ρ.
1229 1842 1301 1904 104.
1323 1839 1482 1923 τράπεζαν
1503 1838 1591 1922 εἶχον

417 1946 442 2009 oi
473 1944 561 2024 ἀμφὶ
588 1945 639 2008 τὸν
667 1946 828 2026 Δρύαντα.
878 1942 1008 2034 Optime
1037 1942 1145 2008 Codex
1174 1942 1396 2026 τεριτροίπεζον
1420 1930 1525 2024 είχον,
1557 1945 1594 2011 in

419 2070 483 2137 quo
513 2047 591 2112 latet
621 2048 688 2127 περὶ
717 2048 876 2131 τροίπεζαν
902 2046 1006 2129 εἶχον,
1041 2048 1240 2125 coenabant,
1270 2058 1305 2111 ut
1326 2071 1398 2137 pag.
1424 2052 1497 2115 152.
1520 2049 1591 2130 περὶ

418 2154 509 2233 θήραν
530 2148 617 2231 εἶχε,
647 2175 679 2240 p.
703 2154 775 2217 158.
800 2152 887 2234 οίμφί
910 2150 1015 2233 οίριςον
1038 2150 1124 2233 είχον
1144 2164 1176 2217 et
1195 2151 1377 2241 saepissime
1396 2152 1485 2242 apud·
1504 2152 1592 2220 alios.

418 2259 455 2327 Ρ.
470 2260 550 2321 106.
575 2258 711 2321 τοιούτου
732 2256 922 2337 γηροτρόφου
943 2258 1198 2336 εὐτυχήσαντας.
1225 2255 1332 2323 Codex
1349 2259 1484 2323 τοιοῦτον
1501 2281 1594 2339 γηρο·

418 2362 542 2445 τρέφον,
564 2360 651 2450 quod
671 2382 780 2426 rerum
800 2372 862 2438 est,
882 2364 1028 2440 εὐτυχεῖν
1049 2360 1134 2449 apud
1155 2362 1230 2425 istos
1250 2362 1464 2427 accusativum
1483 2361 1592 2429 habet.

418 2469 453 2535 P.
469 2471 541 2536 107.
565 2466 645 2547 αύρα
664 2465 780 2546 βόρειος
798 2466 917 2530 ύπέκαε
932 2464 1052 2529 ποίντα.
1075 2466 1160 2529 bene
1181 2464 1289 2530 Coder
1307 2467 1442 2531 οὶπέκαε.
1467 2467 1503 2533 Ρ.
1518 2471 1593 2534 112.

419 2575 536 2653 γυμνὸς
556 2580 661 2653 γυμνή
686 2568 963 2647 συγκατακλινείς.
990 2568 1068 2634 haec
1094 2581 1141 2653 est
1160 2571 1320 2636 verissima
1342 2571 1593 2661 lec1i0,quam·

419 2702 517 2770 quern
546 2690 594 2744 est
623 2678 656 2743 in
687 2674 806 2741 Codice
835 2675 1113 2752 συγκατακλίνειν.
1154 2676 1284 2744 Lorcus
1314 2687 1444 2768 qdoque
1470 2678 1593 2749 sincere

419 2786 522 2851 forma
550 2790 777 2857 κατακλινῆναι
810 2801 884 2844 usus
912 2789 959 2843 est
988 2802 1047 2867 pro
1076 2782 1200 2846 novicia
1226 2785 1473 2857 κατακλιθῆναι,
1500 2786 1592 2851 euius

419 2894 465 2959 rei
487 2912 588 2981 quum
606 2898 690 2953 certe
710 2885 795 2976 opud
813 2906 887 2950 euru
909 2885 1053 2974 exempla
1073 2899 1107 2951 et
1125 2888 1244 2955 indicia
1264 2889 1440 2979 supersint,
1465 2889 1591 2957 vitiosas

420 2997 536 3063 formes
558 2995 595 3059 ei
622 2992 803 3057 eximendos
832 2990 985 3068 arbitror,
1016 3002 1051 3056 ut
1068 2997 1362 3071 συγκατακλιίῆναι
1385 2995 1590 3085 paciscere.

419 3102 457 3168 In
477 3102 529 3179 iis,
554 3120 636 3189 quae
654 3096 852 3189 praecedunt
871 3094 923 3159 καί
948 3096 981 3159 τί
1001 3094 1081 3173 ἔγνω
1100 3099 1212 3177 δρᾶσαι
1235 3122 1335 3188 quum
1356 3099 1389 3164 in
1411 3099 1531 3177 Codice
1548 3104 1590 3169 sit

420 3207 472 3271 καί
491 3205 529 3269 ’τί
552 3202 630 3285 ἔγνω
652 3204 705 3267 καί
729 3204 839 3283 δρῖοσαι
864 3221 972 3265 rerum
992 3211 1039 3264 est
1058 3199 1177 3278 ἔγνωκε,
1192 3204 1323 3284 δρᾶσαι..
1358 3206 1392 3270 Ρ.
1413 3209 1487 3271 113.
1512 3210 1593 3285 ‘cirros

420 3310 580 3379 λαύοντες.
604 3305 683 3375 Cod.
704 3306 958 3376 ἀπολαύσαντες.
974 3343 1013 3355 -
1027 3306 1222 3381 πηδήσαντος
1243 3308 1313 3397 lege
1331 3312 1592 3388 ἐπιπηδήσαντες.

420 3413 549 3480 Ρ.-115.
574 3415 604 3477 έν
626 3412 833 3504 ήέκαύέζετο.
862 3408 970 3476 Codex
989 3409 1131 3485 ε’κοίύκτο.
1157 3412 1262 3478 scribe
1279 3414 1438 3490 ε’κοίίκντο.
1464 3415 1498 3481 Ρ.
1517 3422 1593 3486 119.

420 3516 534 3597 αίματι
560 3517 699 3582 κείσεται
723 3507 840 3597 τολλῷ.
872 3516 942 3604 lege
961 3515 1121 3597 ῥεύσεται,
1149 3529 1184 3581 ut
1207 3519 1260 3584 isti
1279 3518 1428 3583 dicebant
1446 3544 1505 3609 pro
1523 3525 1593 3606 ῥυή-

420 3646 522 3688 σεται.
546 3660 584 3673 -
607 3621 665 3687 κίον
685 3623 795 3704 βοήσρ.
822 3619 901 3721 Cod.
921 3621 985 3703 βορῖ
1007 3629 1042 3683 111
1061 3642 1135 3685 mor
1156 3624 1281 3707 δακρύρ.
1314 3622 1349 3689 Ρ.
1374 3627 1446 3690 121.
1470 3636 1593 3700 νεαλεῖς

421 3732 523 3810 ίχίῦς.
550 3729 658 3796 Codex
678 3727 767 3794 addit
786 3732 844 3794 τῶν
864 3727 994 3809 πετρίων
1015 3727 1592 3816 10..πετραίων.-οίναπεπταμένή.

422 3832 500 3909 Cod.
526 3837 556 3899 έν
584 3832 849 3914 οίναπεπταμένρ.
894 3832 929 3897 Ρ.
957 3834 1030 3896 126.
1059 3834 1143 3897 οἶδέ
1177 3836 1414 3914 ἐπαγγέλλοντο
1445 3836 1592 3915 μεγοίλα.
1699 3888 1704 3901 ,

422 3938 529 4005 Codex
551 3941 576 4003 οἱ
601 3939 633 4003 δέ
657 3936 765 4001 πολλα
789 3938 964 4017 ὑπέσχοντο
987 3938 1012 4000 εί
1035 3936 1156 4015 ταύτης
1178 3940 1317 4019 τύχοιεν.
1360 3941 1395 4008 Ρ.
1418 3946 1491 4008 127.
1515 3945 1595 4008 οέπε-

421 4043 585 4123 κέρδαινεν.
613 4039 693 4106 Cod.
716 4041 894 4121 ἐκέρδαινεν.
932 4040 966 4104 Ρ.
986 4043 1060 4108 128.
1083 4043 1306 4110 οίπούανεῖσύαι
1326 4048 1445 4126 λέγων,
1470 4048 1523 4112 καί
1541 4052 1596 4113 ούκ

422 4148 515 4218 αὐτὸς
539 4146 628 4225 μένος
647 4146 738 4211 erre
754 4146 805 4211 καί
822 4148 865 4212 τα
885 4146 1036 4227 πρόβατα
1054 4155 1289 4225 μεταποιοῦντα
1309 4154 1454 4232 ποιμένα.
1480 4152 1596 4219 Nescio

422 4252 500 4342 quid
514 4251 700 4319 Corrrrrero
718 4252 752 4316 in
773 4238 912 4316 mentem
932 4251 1068 4330 venerit,
1084 4260 1187 4342 q‘uum
1207 4265 1443 4335 μεταποιοῦντα
1461 4261 1597 4339 ποιμένα

422 4359 461 4425 de
490 4382 547 4425 suo
578 4359 703 4425 dederit
731 4368 763 4423 et
788 4358 956 4447 receperit,
978 4363 1064 4448 'queo
1090 4362 1187 4427 rerba
1206 4386 1300 4431 sensu
1321 4388 1406 4430 cesse
1426 4373 1509 4427 sunt.
1556 4363 1595 4427 In

422 4464 594 4532 Codicibus
635 4477 684 4531 est
724 4464 920 4547 Florentino
951 4476 1123 4544 μεταποιεῖ
1153 4470 1205 4533 τὸν
1236 4470 1385 4547 ποιμένα,
1422 4468 1594 4531 Vaticano

383 4552 389 4571 ¹
421 4573 506 4650 μέτα
525 4576 662 4647 τοιοῦτον
682 4568 833 4647 ποιμένα,
854 4573 941 4661 quire
960 4594 1035 4637 serra
1053 4584 1180 4640 cerere
1199 4573 1296 4638 lectio
1317 4583 1365 4635 est
1385 4580 1416 4634 et
1435 4567 1594 4657 significet

421 4678 489 4751 tali
506 4678 650 4766 pertore
663 4678 820 4757 ἀνακέατο,
848 4689 897 4743 ut.
913 4679 1007 4769 saepe
1030 4678 1197 4769 isti‘ioq‘ui
1220 4678 1336 4745 amarit.
1382 4676 1592 4748 simillimum
