3767 5717
881 640 902 701 9

474 821 499 885 εί
517 816 588 884 δείν’
611 816 744 898 ἐδρασας
765 815 849 881 δεινοδ
872 814 924 880 καί
951 810 1060 879 παθεῖν
1084 830 1120 880 σε
1144 811 1191 877 δεῖ

475 924 560 999 δίκης
580 925 658 1006 pop
678 920 845 1005 ἐξέλαμψε
869 925 934 986 νῦν
962 916 1065 985 ίσιον
1088 915 1181 1002 ψοίας.

293 1030 392 1097 llectc
415 1029 601 1098 Gnsroanus
626 1048 729 1115 nuper
740 1027 888 1094 codicum
905 1025 1102 1111 scripturam
1124 1018 1301 1109 revocavits,
1314 1037 1411 1106 qutun
1435 1018 1483 1083 in·

294 1135 509 1224 terpolavcrat
528 1135 680 1201 Gaorrus:

522 1241 610 1315 δίκας
643 1240 670 1306 δ’
689 1238 854 1321 ἐξέλαμψε
881 1234 960 1303 ἐσιον
978 1233 1060 1321 ψοίος

294 1346 358 1413 nisi
382 1344 467 1433 quod
490 1344 672 1432 ἐξέλαμψεν
696 1344 794 1411 dedit.
842 1344 971 1429 Reponc
994 1358 1122 1407 mecum
1139 1337 1219 1404 duos
1241 1335 1426 1405 dochmios:

572 1450 661 1524 δίκας
696 1450 723 1515 δ’
749 1448 914 1530 ἐξέλαμψε
937 1448 1014 1512 θείου
1036 1443 1130 1528 ψοίος.

295 1563 329 1622 et
359 1554 476 1621 dirime
508 1554 572 1621 dno
602 1554 805 1641 fragmenta,
829 1574 911 1641 quae
934 1551 1019 1618 male
1046 1549 1255 1626 coaluerunt,
1277 1552 1313 1613 ut
1336 1564 1431 1632 saepe
1451 1544 1484 1610 in

297 1668 436 1746 utroque
455 1659 583 1727 Sroaaar
611 1680 705 1747 opere
727 1660 928 1730 factumest.
977 1656 1038 1738 Qui
1059 1653 1142 1739 ψοίος
1168 1650 1246 1719 ίσιον
1269 1649 1348 1738 quid
1372 1651 1414 1716 sit
1434 1668 1487 1715 ne-

296 1774 375 1852 gant
398 1786 434 1832 se
457 1766 566 1833 videre
590 1787 653 1833 uon
674 1765 777 1834 multo
790 1764 917 1831 facilius
936 1763 1192 1850 reperiuntquae
1216 1759 1258 1824 sit
1270 1758 1340 1823 θσθα
1359 1753 1486 1834 θνοίρκη

297 1871 332 1937 in
359 1879 471 1958 poetae
502 1872 593 1948 loco,
627 1892 724 1958 quern
754 1871 894 1939 servavit
926 1868 1078 1936 Sroutcus
1108 1867 1141 1931 in
1173 1864 1246 1933 Εοθ.
1270 1862 1370 1950 Phys.
1390 1861 1428 1928 V.
1454 1864 1485 1925 b.

300 1996 332 2063 p.
358 1982 433 2044 154.

484 2084 573 2151 Ὀσί
580 2108 602 2151 α
631 2084 658 2150 δ’
679 2082 805 2164 οίνσίμκη
826 2077 1069 2163 τολεμικιυτοίτη
1092 2076 1167 2153 θείς.

299 2187 420 2253 satisne
443 2190 651 2275 perspicuum
674 2198 723 2258 est
746 2191 833 2259 θεία
865 2190 892 2256 δ’
912 2186 1039 2276 θνοίρκη
1063 2192 1192 2271 apoeta
1213 2179 1308 2249 esse?
1333 2179 1369 2245 ln
1391 2178 1489 2243 'l'nao

300 2313 389 2361 anton
408 2300 518 2361 autem
541 2315 589 2361 vs.
609 2301 684 2365 1514

486 2401 568 2467 οὐδὲν
589 2402 620 2467 ἐν
641 2404 819 2485 ἀνθρώποισι
843 2400 960 2482 τατρδς
984 2397 1036 2469 καί
1055 2394 1169 2477 μητρδς
1189 2391 1314 2474 ίομειυον

548 2505 654 2573 ἔπλεθ’
677 2504 755 2583 ίσοις
778 2508 866 2585 θσίη,
889 2505 1003 2588 Κοίρνε,
1026 2501 1151 2584 μέμηλε
1175 2500 1253 2574 δίκη.

302 2625 379 2672 cave
399 2615 515 2693 tangas
545 2611 629 2687 ὁσίην
660 2611 765 2688 δίκην,
798 2630 880 2697 quae
910 2609 1066 2684 ὁσιότητος
1100 2606 1167 2671 sive
1188 2602 1352 2683 εὐσεβείας
1388 2601 1491 2667 vicem

301 2712 373 2778 iure
396 2711 528 2779 obtinet.
575 2714 662 2779 Nihil
682 2716 715 2780 in
740 2716 800 2781 hoc
820 2715 889 2780 loco
906 2714 1061 2778 vitiosum
1077 2716 1127 2777 est
1149 2715 1276 2794 praeter
1294 2707 1492 2788 ἀνθρώποισι,

303 2817 389 2904 quod
414 2818 470 2903 qui
499 2837 612 2885 aurem
646 2819 764 2887 habeut
787 2821 820 2885 in
840 2818 1003 2900 οίυθρθοοοις
1027 2816 1196 2898 retingeut.
1243 2812 1365 2877 Nomen
1385 2810 1493 2896 ipsum

302 2927 383 3033 θείς,
406 2926 492 3031 quod
521 2947 615 2993 nemo
647 2929 751 2995 nescit
778 2930 812 2994 in
833 2928 977 3013 antiquis
1000 2927 1091 2993 libris
1114 2908 1168 2995 ΘῙ)
1202 2921 1301 2991 scribi
1328 2920 1428 2988 solere
1461 2928 1494 2992 et

303 3044 356 3120 θυ,
380 3024 436 3119 lc,
460 3043 509 3118 θν,
530 3058 727 3125 quamquam
748 3039 894 3105 omnium
918 3039 1086 3106 nominum
1111 3047 1160 3106 est
1182 3038 1410 3109 notissimum,
1448 3038 1493 3099 ta·

301 3165 378 3213 men
398 3164 493 3231 saepe
515 3144 639 3211 scribas
652 3142 763 3211 ielellit
783 3145 968 3211 oscitantes.
1016 3144 1115 3226 Quale
1137 3145 1197 3211 hoc
1217 3152 1265 3211 est
1287 3139 1372 3230 apud
1395 3138 1494 3225 Χονο-

303 3271 441 3317 recursu
469 3252 502 3315 in
541 3250 736 3316 Oeconomico
760 3252 797 3319 V.
822 3250 914 3341 §lb
939 3248 1035 3317 ἔτιδὲ
1059 3254 1076 3328 ἡ
1101 3258 1145 3330 γῆ
1170 3250 1334 3317 θέλουσα
1356 3244 1427 3319 τοὺς
1446 3242 1495 3309 δυ·

302 3356 449 3436 ναμένυυς
473 3356 727 3435 καταμανθάνειν
742 3357 794 3423 καί
823 3356 1014 3432 δικαιοσύνην
1037 3354 1193 3423 διδοίσκει·
1219 3357 1290 3430 τοὺς
1314 3354 1377 3436 γοδρ
1402 3347 1496 3432 ἴομεν

303 3462 528 3545 θεραπεύοντας
564 3463 661 3539 αὐτην
687 3470 806 3532 σλεῑςα
835 3463 947 3542 ἀγαθοί
974 3464 1149 3538 οίντιιτοιεῑ,
1183 3454 1402 3527 venustissimi
1435 3458 1497 3526 loci

305 3567 400 3652 periit
424 3566 532 3653 lepoS,
555 3587 596 3634 ne
617 3587 731 3634 sensus
753 3566 884 3653 quidem
903 3568 966 3633 uisi
993 3568 1207 3653 perobscurus
1230 3564 1362 3652 quidam
1386 3586 1425 3632 ex
1450 3573 1496 3632 to·

303 3672 371 3737 tius
391 3672 569 3738 sententiae
593 3671 845 3737 conformatione
868 3674 1008 3739 elicitur.
1060 3672 1191 3738 Codices
1214 3692 1272 3757 pro
1292 3670 1422 3737 θέλουσα
1446 3690 1499 3738 sa·

306 3780 349 3843 tis
380 3788 565 3847 constanter
584 3782 692 3848 θέουσα
712 3782 883 3861 exhibent,
907 3782 1004 3869 idque
1024 3791 1156 3869 apparet
1177 3802 1215 3848 ex
1245 3764 1411 3853 ὄῦΟΤΟΑ
1436 3789 1498 3847 sto·

305 3880 370 3948 tide
381 3882 545 3951 effictum:
571 3890 589 3964 η
614 3895 657 3965 νῆ
674 3888 754 3961 θεὸς
773 3882 865 3954 οὖσα
883 3928 926 3939 -
944 3889 1015 3964 τοὺς
1028 3888 1252 3970 θεραπεύοντας
1272 3890 1369 3965 αὐτην
1392 3890 1498 3959 ποιεῖς’

306 3988 417 4067 ἁγαθοὶ
440 3990 613 4070 οθντιτοιεῖ,
642 3991 701 4060 boc
729 3999 902 4058 venustum
926 4001 959 4060 et
990 3994 1242 4081 Xenopboctcum
1263 4001 1328 4072 est,
1357 3992 1417 4059 hoc
1450 4011 1498 4059 sa·

307 4112 386 4159 num
415 4102 464 4159 est
494 4095 632 4184 denique
659 4105 691 4164 ct
725 4118 849 4164 verum.
896 4099 993 4165 Peius
1023 4101 1120 4167 ctiam
1145 4099 1307 4167 mulcatus
1330 4108 1379 4167 cst
1410 4099 1500 4166 locus

307 4198 424 4265 incerti
447 4199 628 4288 philosophi
652 4203 736 4289 apud
759 4203 845 4270 Sroo.
872 4203 942 4270 Ecl.
970 4203 1068 4292 Phys.
1083 4205 1123 4272 ll.
1148 4224 1216 4292 cap.
1243 4204 1268 4270 l.
1296 4210 1349 4275 17.
1373 4203 1499 4286 σίτερον

307 4300 357 4371 οὖν
379 4306 393 4371 ί
414 4304 567 4390 σ’ίνθρυτος
591 4309 685 4383 αὐτὸς
710 4312 765 4393 ὑφ’
790 4313 900 4375 ἑαυτοῦ
922 4311 1108 4388 τετυιησθαί
1130 4334 1175 4377 σοι
1196 4311 1279 4375 δοκεῖ
1302 4310 1319 4386 ἢ
1344 4311 1416 4393 πρὸς
1440 4332 1500 4375 κοι-

308 4412 434 4488 νυοίαν;
458 4414 596 4481 mirifica
618 4433 694 4479 sane
718 4416 862 4502 quaestio
882 4418 1033 4504 ponitur;
1064 4424 1101 4482 tu
1123 4415 1212 4502 lege:
1237 4416 1330 4487 αὐτὸς
1354 4415 1407 4498 ἐφ’
1431 4404 1499 4480 ἓαυ·

309 4522 385 4596 τοῦ,
419 4527 506 4586 recto
544 4519 773 4606 respondetur:
808 4522 881 4603 τρίς
913 4523 1077 4588 κοινωνίαν.
1125 4522 1204 4587 ‘Tui
1228 4520 1327 4595 τίνος;
1364 4521 1422 4585 ooo
1445 4528 1501 4596 τῆς

308 4622 443 4704 φύσεος.
468 4625 558 4701 Τίνος
578 4625 670 4703 οὔσης
694 4627 746 4693 καί
768 4634 854 4702 σῶος
881 4628 1048 4705 διοικοθοης
1066 4630 1113 4695 τοδ
1138 4625 1206 4694 lac.
1254 4626 1314 4692 Καὶ
1340 4625 1434 4692 τότε
1443 4650 1500 4708 ρον
