3767 5717
854 588 919 659 ttt
1035 634 1047 663 ν

293 782 475 863 tcttirnu'nii
486 790 655 885 corruptae
670 790 919 862 essentr'lttoecrir
934 788 966 856 ll
984 788 1115 859 θιέςειλε
1133 788 1327 870 Μένοινθρος,
1345 777 1467 879 inquit,

293 900 344 985 ἐπὶ
368 900 426 980 μὲν
449 890 509 965 riis
533 894 599 977 ἔξω,
614 897 700 979 redden
718 886 781 972 ’τὴν
805 895 897 977 θύριον
921 896 1034 971 εἰπὼν,
1058 894 1109 961 ἐπὶ
1134 896 1166 962 δὲ
1189 894 1250 961 τῶν
1273 892 1345 960 iro*

513 1004 590 1069 ἀλλ’
614 1001 729 1086 ἐψόφει
754 1001 810 1067 ιιοιθ
832 1024 880 1075 τις
903 1002 960 1077 ‘ritu
984 1000 1077 1082 θύροιν
1101 999 1198 1077 έξιύν.

293 1108 372 1176 lrnec
401 1122 449 1179 est
477 1110 633 1201 scripturn
659 1108 808 1177 versiculi
837 1104 1025 1173 Menandrei
1051 1099 1138 1198 opud
1161 1104 1295 1173 Surnnu
1314 1130 1342 1173 r.
1362 1106 1468 1173 κόπτοι

293 1216 510 1284 emendatiora
527 1216 923 1283 scholisnfferresclitnm.
946 1212 986 1280 Iu
998 1215 1164 1281 codicibus
1176 1211 1469 1305 Comicisuperest:
1548 1220 1552 1229 '

292 1323 437 1406 ἕψθφιρκε
470 1327 527 1402 τὴν
553 1324 653 1408 θύροιν
681 1312 783 1405 -ἒξιύν,
840 1322 982 1414 Recepta
1015 1333 1064 1388 est
1096 1321 1192 1411 vulgo
1220 1319 1300 1387 lmec
1328 1336 1471 1388 ttustttnl
1612 1318 1616 1326 ’

292 1431 466 1497 correctio:
826 1496 828 1501 .

539 1538 616 1603 ἀλλ’
639 1534 783 1620 ἕψθφνιιε
806 1534 863 1610 τὴν
885 1534 977 1616 θύριον
1000 1558 1048 1607 τις
1072 1534 1169 1613 ἐξιών.

295 1662 378 1731 quac
402 1664 466 1707 non
487 1665 552 1708 uno
573 1643 703 1709 nomine
723 1654 769 1709 est
789 1640 1006 1720 vitiosissime,
1029 1664 1170 1732 nomque
1190 1639 1285 1723 ψοφῶ
1304 1638 1361 1712 νύν
1379 1636 1471 1717 θύροον

294 1742 465 1811 barbarum
483 1759 530 1813 est
550 1757 582 1812 et
601 1746 718 1813 insulse
738 1746 824 1824 ἔξιύν
843 1744 988 1824 additur,
1008 1744 1099 1835 quasi
1121 1768 1196 1810 rero
1215 1754 1322 1834 posset
1340 1762 1474 1807 conore-
1550 1794 1555 1801 .

286 1871 378 1939 pure
407 1855 547 1932 ostium,
576 1864 800 1943 praeterquam
831 1872 932 1940 quum
960 1848 1033 1941 quis
1060 1849 1223 1939 egreditur
1243 1847 1338 1913 soros.
1386 1843 1472 1929 Quid

293 1956 420 2023 multo?
446 1956 525 2025 haec
549 1970 596 2025 est
619 1980 692 2027 reru
716 1956 890 2048 scripturn:
978 1996 983 2003 .
1090 1952 1100 1987 ³

886 2062 974 2155 κθφω
985 2063 1054 2138 cim
1072 2060 1180 2142 θύριον.

537 2170 614 2235 ἀλλ’
637 2168 797 2255 έφθφιριοεν
820 2172 838 2247 θ
863 2169 956 2251 θύροο,
980 2168 1029 2242 ric
1053 2167 1179 2246 οὑξιύνς

297 2272 485 2341 Tutunus
520 2260 667 2339 dixissetr
708 2284 747 2339 at
782 2261 985 2365 concrepuit
1014 2277 1160 2352 ostium,
1203 2274 1282 2361 quis
1322 2278 1374 2336 est
1415 2271 1477 2357 qui
1589 2331 1593 2340 ,
1629 2358 1635 2373 .

295 2379 470 2474 egreditur
491 2380 630 2468 foras?
676 2381 797 2472 Erepto
826 2378 924 2470 igitur
942 2379 1014 2451 ·hoc
1042 2378 1112 2445 solo
1137 2376 1296 2469 praesidio
1326 2374 1476 2442 Graeculi
1565 2393 1567 2398 ·

295 2484 457 2549 neminem
480 2486 617 2576 amplius
635 2484 808 2576 decipient.
854 2485 937 2553 Suos
958 2503 1080 2550 errores
1099 2506 1137 2549 cr
1155 2504 1303 2574 perversa
1321 2478 1475 2571 opinione

295 2602 387 2657 natos
411 2590 681 2659 habeontsecum
707 2603 897 2682 serventque
921 2589 1109 2682 sepulchris.
1211 2624 1215 2629 ·

340 2696 662 2786 Pseudcsoplriotam
691 2698 724 2762 in
745 2696 914 2762 Lucieneis
933 2696 1051 2787 excipit
1072 2693 1263 2777 Φιλθοιοιτρις
1281 2693 1298 2770 ἣ
1319 2690 1475 2758 Διθοιοκθ-

296 2826 387 2901 μένος
416 2786 660 2869 insulsissimum
691 2803 793 2895 inepti
812 2786 1038 2868 liumur'rcionis
1059 2822 1160 2891 opus,
1183 2798 1271 2889 quod
1291 2820 1387 2864 nemo
1408 2799 1476 2865 sinc

296 2907 425 2975 fastidio
450 2916 491 2973 'e't
525 2930 641 2975 nenses
670 2911 821 3001 perleget.
878 2907 1000 2973 Multos
1033 2905 1099 2973 ridi
1132 2904 1251 2970 deliros
1275 2903 1475 2993 scriptores,

295 3012 393 3079 etism
415 3011 570 3111 Graecos.
594 3012 648 3079 sed
669 3014 725 3104 qui
742 3013 842 3105 peius
855 3034 954 3103 quom
974 3013 1033 3079 iste
1053 3011 1219 3090 deliraret,
1243 3022 1298 3075 sut
1319 3009 1477 3105 quiesset

296 3116 522 3206 (utLuctnut
545 3119 649 3185 verbis
674 3131 746 3185 uter
772 3122 834 3200 34,
859 3118 924 3207 25.)
952 3120 1010 3195 τὴν
1032 3118 1138 3201 φωνὴν
1161 3115 1475 3196 κοοιιοθοοιρνονέςερος,

296 3222 361 3288 ridi
381 3223 553 3289 neminem.
599 3222 673 3289 Non
695 3236 742 3290 est
763 3224 860 3315 igitur
877 3226 1002 3291 animus
1022 3224 1055 3289 in
1076 3222 1143 3291 istis
1163 3220 1344 3314 quisquiliis
1362 3244 1475 3287 emen·

295 3326 410 3393 dandis
431 3328 529 3395 bonas
553 3328 647 3396 horus
665 3330 811 3420 perdere.
863 3331 942 3399 Utnr
965 3354 1030 3397 uno
1048 3342 1081 3399 et
1101 3330 1202 3396 altero
1224 3330 1297 3395 loco
1316 3327 1357 3393 ud
1376 3327 1477 3393 stobi·

295 3432 419 3498 liendas
446 3434 726 3527 palaeographicns
755 3436 910 3527 quusdnm
936 3436 1189 3515 observationes,
1214 3458 1297 3527 quse
1315 3434 1405 3499 lectu
1425 3432 1477 3499 di-

296 3537 461 3627 gnioribus
476 3531 684 3634 scriptoribus
701 3542 909 3608 emendandis
926 3564 1020 3632 saepe
1036 3540 1188 3633 prodesse
1203 3540 1335 3631 possint.
1359 3537 1397 3602 ln
1414 3540 1475 3624 §3.

296 3642 404 3708 editur
432 3644 654 3725 κὀρκορνγμθς,
690 3644 881 3730 (describam
908 3646 1068 3737 paucula,
1099 3656 1136 3711 ut
1167 3644 1271 3734 quiris
1298 3642 1408 3709 velex
1428 3642 1477 3710 his

294 3746 402 3813 rident
431 3770 483 3813 ure
509 3770 575 3813 non
604 3749 713 3840 inique
743 3749 784 3815 de
815 3750 876 3817 isto
897 3762 937 3817 ct
968 3750 1063 3816 nimis
1091 3750 1304 3815 inclementer
1335 3747 1478 3837 dixisse).

298 3843 411 3929 Βοοβοιῖ
439 3855 494 3917 τοῦ
524 3854 794 3951 ύνοιφνούμοοτος,
825 3858 864 3930 oin
892 3855 953 3929 τθος
976 3852 1116 3939 νεφέλοιι
1144 3853 1297 3935 introrsus.
1337 3854 1479 3936 Ζεφύρου

292 3954 360 4037 ρνθιρ
394 3957 591 4032 ἐπιπνέοντος
627 3958 749 4042 λοθβρου
780 3961 833 4029 κον)
868 3970 935 4036 τοῖς
968 3953 1107 4048 κύρνοισιν
1139 3959 1336 4042 εἰιοιθθζοντος
1367 3959 1478 4040 βορέην

294 4056 365 4141 ύορτι
399 4060 462 4127 circi
495 4056 557 4139 τὴν
580 4065 774 4148 Προποντίδοο
799 4068 965 4145 sortiuntur
998 4068 1038 4141 ύς
1069 4066 1120 4132 nat
1145 4065 1251 4132 κύλοιν
1280 4066 1315 4131 οἱ
1342 4064 1476 4138 θλιιοθδες

295 4165 357 4255 (ἐς)
388 4168 441 4231 τὸν
465 4165 609 4244 Εὔξεινον
638 4168 748 4235 πθντον
771 4172 954 4253 οἲχθοοντοοι
978 4171 1179 4262 (agnoscisne
1202 4168 1475 4263 Constantinopo-

292 4270 475 4359 litunum'l)
511 4276 570 4335 τῶν
611 4270 761 4351 κνριοθτοιν
796 4276 1069 4342 trinominem
1104 4278 1139 4341 ἐκ
1174 4281 1229 4341 τοῦ
1262 4277 1477 4357 φνούροοοτος,

297 4374 366 4443 tros
391 4377 506 4456 οθθιρροοι
521 4385 591 4449 noir
612 4376 760 4456 s’yxcirotr
781 4379 931 4459 ἐνέκειτο,
953 4378 1048 4453 ιιθοος
1068 4381 1275 4463 ιιορκορνγμθς
1297 4381 1351 4445 uui
1368 4380 1475 4454 κλόνος

181 4507 184 4516 ·
294 4483 351 4557 τὴν
376 4482 511 4565 ριοιςέροο
541 4506 595 4570 σου
632 4482 861 4567 ουνετύροοοοεθ
893 4484 948 4580 ΝΙιι
976 4484 1027 4551 his
1054 4484 1261 4568 κορκορνγμθς
1290 4496 1403 4575 netum
1429 4496 1477 4551 cst

182 4599 187 4644 t
296 4586 475 4673 scribarum
505 4587 702 4679 negligentia
737 4610 803 4655 non
832 4590 906 4655 setis
932 4589 1105 4680 diligenter
1134 4613 1153 4653 ιι
1178 4600 1211 4655 et
1232 4591 1258 4669 β
1278 4587 1479 4681 distinguen-

297 4690 391 4769 tium.
433 4694 503 4761 ‘Eue
530 4693 692 4761 litterulae
720 4694 752 4761 in
782 4692 949 4763 codicibus
973 4696 1092 4762 sacculi
1120 4695 1166 4774 X,
1192 4694 1241 4763 xl
1268 4707 1302 4763 et
1327 4694 1391 4763 XII
1412 4710 1478 4765 tum

773 4804 775 4807 ¹
1244 4815 1274 4855 17
