3767 5717
978 578 1044 648 2⁰2

426 775 588 846 νευόντων,
625 771 798 863 requiritur
825 770 973 853 futurum
1000 769 1242 839 οίναυευσόντων.
1290 767 1331 835 lu
1355 772 1447 855 539.
1473 771 1602 855 χρύσεον

428 880 605 959 ἐκπύμασα
622 878 851 958 προτεινόμενος
867 887 931 951 τοῖς
951 876 1148 957 συμπόταις,
1174 876 1208 940 in
1233 873 1382 942 omnihus
1399 873 1489 950 libris
1506 900 1605 967 prae-

427 998 476 1051 ter
507 1006 608 1049 unum
638 985 664 1049 t
692 997 740 1049 est
767 984 945 1065 προτείνων,
976 984 1010 1049 in
1033 1006 1100 1073 quo
1124 982 1203 1048 latet
1226 1004 1296 1047 rera
1321 980 1416 1045 lectio
1435 982 1601 1062 προπίνων.

425 1093 548 1171 χρύσεα
578 1086 714 1155 debetur
745 1089 928 1167 Graeculis,
960 1088 1016 1179 qui
1045 1101 1168 1155 veteres
1199 1086 1317 1164 formas
1342 1085 1546 1151 resolvebant
1567 1100 1602 1155 et

426 1198 459 1260 in
487 1194 536 1259 his
567 1194 730 1260 adiectiris
760 1206 792 1261 ct
819 1195 852 1261 in
885 1195 989 1261 serbis
1019 1196 1145 1269 πλέειν,
1176 1194 1267 1277 ῥέειν,
1295 1193 1401 1276 χέειν,
1432 1191 1603 1261 similibus.

428 1300 490 1384 Qui
508 1299 588 1367 haec
607 1302 714 1366 omnia
732 1300 904 1369 emendare
924 1300 1107 1379 audebunt,
1130 1298 1311 1389 saepissime
1336 1309 1480 1363 ueterum
1498 1298 1604 1364 libro·

425 1429 498 1472 rum
528 1408 717 1474 auctoritate
745 1419 777 1474 et
811 1406 1098 1474 Grammaticorum
1134 1405 1315 1497 praeceptis
1350 1416 1382 1471 et
1413 1404 1604 1473 testimoniis

425 1512 671 1579 adiurabuntur.
719 1512 757 1577 ln
780 1511 957 1579 dsscfltrtts
979 1511 1215 1603 Ctese'pkontea
1234 1536 1266 1602 p.
1285 1514 1338 1578 77·.
1358 1513 1376 1595 §
1398 1513 1472 1575 166.
1496 1508 1519 1574 όν
1537 1515 1602 1584 πῶς

428 1618 495 1681 ποό’
529 1617 637 1695 ὑμεῖς,
673 1612 693 1681 ὦ
728 1618 903 1699 σιδήρεον,
934 1620 1129 1700 ἐκαρτερεῖτε
1159 1618 1362 1698 οίκρούμευοις
1397 1614 1482 1681 male
1503 1614 1606 1681 edunt

428 1742 538 1785 omnes
557 1743 616 1810 pro
632 1722 756 1803 σιδηροῖ.
774 1722 933 1788 verissima
953 1723 1123 1789 docentem
1139 1722 1365 1787 Punrntcuutt
1379 1744 1410 1809 p.
1423 1722 1487 1785 207
1507 1743 1604 1787 nemo

426 1826 580 1914 sequitur.
627 1824 780 1910 1n§40.
816 1823 866 1893 υἷα
895 1825 974 1905 ἕξεις
1003 1826 1186 1909 πράγματα
1214 1824 1354 1914 intelligi
1384 1838 1603 1915 nonpotest,

426 1930 481 1995 sed
502 1926 572 1995 όσα.
621 1929 659 1995 Ιιι
691 1935 782 2017 §tt
807 1954 867 2023 pro
891 1926 1023 2006 οὶόέαπος
1048 1930 1178 2021 requiro
1201 1929 1344 2011 οόίρατος.
1393 1928 1431 1994 Ιιι
1455 1934 1472 2016 §
1495 1936 1547 1999 45.
1571 1931 1604 2006 ός

426 2058 463 2099 σε
497 2033 612 2100 παύσει
648 2037 842 2118 μωραίνοντα
878 2038 934 2111 τήν
970 2036 1090 2110 πολλήν
1119 2036 1239 2110 ταύτην
1266 2034 1395 2117 κόρυζαν
1422 2036 1606 2115 οόποξύοας,

343 2210 346 2215 ,
425 2160 492 2203 non
512 2141 729 2230 abstergendi
747 2142 837 2207 notio
859 2140 913 2211 sed
926 2142 1135 2231 ‚emungende'
1151 2140 1335 2231 requiritur.
1370 2138 1483 2206 Scribe
1506 2142 1604 2231 igitur

423 2244 606 2323 ύπομύξας.
655 2244 805 2311 Sumtum
833 2270 851 2310 a
881 2246 1035 2311 Perenna
1062 2245 1097 2312 in
1121 2245 1288 2333 notissimp
1314 2243 1388 2311 loco
1410 2246 1453 2310 de
1471 2245 1558 2337 Bep.
1576 2247 1602 2319 l.

423 2372 456 2438 p.
478 2352 544 2413 343
565 2368 595 2414 t.
619 2351 791 2433 κορυζῶντοί
811 2377 847 2417 σε
866 2357 991 2434 περιορᾷ
1017 2352 1069 2416 καί
1088 2354 1146 2416 ὀύκ
1169 2350 1349 2429 α’πομύπτει
1375 2350 1536 2430 δεόμενον,
1560 2353 1601 2423 de

424 2476 489 2544 quo
509 2454 581 2522 ride
601 2455 833 2525 Ruunrrurnu
852 2454 892 2521 ad
914 2456 1074 2525 Τικικιιιι
1097 2450 1290 2538 ν.’κορύζοῖν.
1356 2456 1367 2477 '

468 2558 507 2625 ln
534 2560 694 2652 Da'alogis
715 2563 931 2629 Meretrice'is
950 2564 1004 2627 67.
1027 2565 1056 2627 1.
1076 2564 1094 2647 §
1115 2565 1144 2627 1.
1169 2560 1281 2628 uitiosa
1300 2561 1404 2628 forma
1419 2575 1471 2630 ‘est
1495 2566 1602 2631 norni-

423 2667 473 2755 nis
502 2667 642 2748 Γοργόνα
667 2672 683 2745 ή
709 2668 930 2751 παμπόνηρος,
956 2667 1111 2748 Γοργόναν
1143 2677 1175 2733 et
1202 2676 1242 2749 τῇ
1266 2666 1410 2750 Γοργόυη.
1459 2669 1605 2739 Restitue

424 2773 562 2854 Γοργύν,
588 2772 742 2856 Γοργόνα,
768 2772 905 2855 Γοργόνι.
951 2763 988 2840 Si
1006 2774 1023 2848 ή
1043 2770 1182 2854 Γοργόνα
1201 2784 1284 2841 esset
1305 2771 1461 2841 Graecum
1484 2798 1602 2847 nemen

423 2878 619 2968 productum
641 2904 663 2944 α
685 2881 827 2947 dativum
848 2878 1027 2968 postularet
1046 2886 1084 2958 τῇ
1108 2876 1265 2961 Γοργόνα,
1291 2889 1327 2942 ut
1351 2889 1425 2944 sunt
1444 2882 1604 2970 permulta

425 2984 557 3049 nomina
586 2984 758 3051 muliebria
797 2984 943 3051 exeuntia
972 2983 1007 3046 in
1035 3005 1057 3047 α
1087 2980 1220 3070 longum
1246 2982 1458 3072 praecedente
1488 3007 1605 3054 conso·

425 3101 538 3167 nante,
562 3102 598 3154 ut
615 3090 718 3164 Φίλα,
744 3090 864 3163 Φίλας,
890 3087 989 3172 Φίλα,
1013 3087 1165 3171 Διοτίμα,
1190 3089 1367 3174 Φερετίμη,
1389 3090 1516 3165 Μίκκα,
1541 3102 1606 3161 Κυ·

425 3178 533 3266 υίσκα,
547 3191 721 3274 Λαγίσκα,
744 3187 863 3265 Miser,
888 3191 1111 3273 Ἀρεταφίλα,
1136 3192 1333 3272 Πολυκρίτα,
1352 3196 1470 3271 Μήδα,
1489 3197 1604 3275 Λύκα,

427 3294 584 3375 Σιμαίόα,
615 3294 766 3368 Κοττίυα,
799 3292 987 3376 Στρατόλα,
1012 3293 1157 3373 Κάμμα,
1188 3296 1365 3382 Τιμοξένα,
1391 3301 1604 3380 Τελεσίππαν,

427 3398 596 3477 Ἀντιγόνα
601 3446 611 3475 ,
629 3396 784 3481 Τιμύχα,
798 3395 954 3476 Ἀποόμα,
975 3398 1089 3477 Θήβα,
1107 3399 1207 3467 Pnur.
1219 3400 1309 3467 Tom.
1320 3400 1362 3469 Il.
1373 3427 1407 3493 p.
1419 3408 1484 3471 856
1498 3426 1529 3473 t.
1544 3408 1604 3477 ὑπό

429 3504 559 3583 Θήβας,
574 3501 646 3568 alia.
671 3500 723 3566 Sic
741 3502 844 3567 Κύννῑι
864 3502 1022 3569 Graecum
1038 3515 1086 3569 est
1105 3505 1286 3580 οιΚύννας,
1304 3510 1422 3592 Κύννης,
1443 3530 1509 3576 non
1524 3512 1603 3579 Κύν-

429 3632 493 3683 νης,
513 3607 600 3697 quod
621 3609 653 3673 in
669 3609 910 3674 rlnrsrorrrrnrs
929 3610 969 3679 V
966 3614 1057 3701 cepis
1076 3610 1193 3701 legitur
1207 3615 1304 3679 1027.
1321 3625 1353 3677 et
1374 3614 1407 3680 in
1424 3617 1604 3690 pareret.

434 3712 513 3778 Vide
546 3714 818 3804 quemadmodum
849 3738 886 3781 ca
912 3738 963 3782 res
992 3716 1173 3808 depresserit
1204 3719 1407 3787 Potuerunt
1434 3722 1522 3789 vllt.
1551 3727 1605 3792 60.

428 3818 566 3896 Κυννοίνη
591 3820 748 3885 Φιλίππου
766 3818 916 3902 όυγοότηρ.
956 3822 1060 3888 Κύννα
1078 3847 1189 3889 rerum
1208 3836 1272 3904 est,
1296 3851 1330 3902 νη
1351 3830 1604 3919 suprascriptum

430 3924 556 4014 peperit
572 3948 727 4004 errorem,
744 3924 834 3991 cuius
848 3937 880 3991 et
897 3927 976 3991 alibi
988 3926 1021 3993 in
1041 3928 1156 3995 eodem
1170 3931 1301 3997 nomine
1315 3933 1461 4024 exempla
1479 3937 1606 4024 suut1).

429 4028 468 4098 In
489 4031 634 4118 sequenti
653 4030 757 4119 capite
775 4044 1045 4097 commemoratur
1065 4035 1160 4103 Πύςα
1175 4036 1253 4114 γυνή
1269 4039 1428 4113 Σελεύκου
1444 4044 1500 4105 τοῦ
1517 4049 1606 4105 Καλ-

429 4133 557 4199 sintne.
598 4135 718 4202 Lena
746 4162 772 4202 ν
800 4135 938 4203 aenens
969 4137 1176 4218 rubricatori,
1207 4124 1386 4229 genuinam
1416 4154 1463 4210 ee
1492 4143 1605 4215 ntes.
1650 4231 1654 4238 ‚

430 4279 653 4297 Ἢ

462 4342 484 4414 ¹)
501 4347 621 4399 Eiusdem
638 4349 728 4399 erroris
742 4347 850 4399 alterurn
865 4347 1012 4411 exemplum
1024 4348 1102 4401 habes
1117 4349 1144 4401 in
1159 4348 1316 4401 Pturtacrrr
1330 4347 1602 4417 Apoptnefflalaeon

428 4445 454 4496 p.
474 4435 524 4480 218
543 4444 569 4481 ιι.
587 4433 631 4482 ubi
647 4431 782 4499 Ἀρηγεύς
799 4440 1022 4493 commemoratur,
1040 4435 1085 4501 qni
1102 4449 1184 4501 neque
1202 4435 1307 4500 Spartae
1320 4448 1440 4499 nmquam
1457 4435 1504 4483 tuit
1521 4449 1604 4501 neque

429 4516 483 4565 ullo
497 4516 548 4565 elio
561 4516 624 4565 loeo.
643 4514 769 4579 Scriptum
784 4514 846 4563 olim
860 4520 927 4565 reete
942 4515 990 4565 fuit
1003 4510 1105 4582 Ἀρευς
1115 4517 1241 4568 Laconica
1255 4517 1349 4577 forme,
1364 4508 1607 4585 Ἀρειις,”Αρειιος

429 4612 475 4662 pro
491 4592 596 4666 Ἄρης,
614 4592 714 4665 ’Apron
734 4613 768 4649 ex
785 4598 921 4651 Aroma
934 4593 1051 4653 omnium
1065 4608 1132 4655 note
1159 4603 1360 4670 Superseriptnm
1374 4618 1409 4670 ησ
1421 4609 1472 4665 est,
1489 4604 1525 4654 ex'
1538 4610 1606 4655 utre·
1648 4649 1653 4663 ‚

429 4696 479 4745 que
495 4682 617 4748 scripture
632 4674 771 4753 Ἀρηγεύς
789 4684 923 4739 conflatum
941 4693 988 4745 sss.
1360 4711 1364 4715 ·
1453 4727 1457 4738 .
1504 4689 1508 4695 “
1527 4684 1531 4693 ’
