3767 5717
856 627 921 694 ³85

306 823 492 896 Atticorum¹
512 839 605 911 saepe
637 818 771 898 deserit,
805 832 841 886 ut
869 843 905 886 es
925 821 977 888 rei
995 821 1145 911 ignsrsre
1161 815 1307 886 ridentur
1324 817 1376 886 sei
1392 825 1480 887 certe

308 926 390 994 nihil
419 949 541 994 curere.
587 923 625 990 lu
656 925 719 992 sits
748 914 901 992 Periclis
931 947 1000 1018 cap.
1025 931 1055 994 3.
1084 923 1224 992 scribite·
1241 932 1394 1006 Περικλῆς
1414 925 1480 1006 γὰρ

307 1028 342 1107 ήν
379 1034 439 1099 τῶν
472 1030 530 1109 μὲν
560 1034 669 1111 Φυλῶν
702 1031 957 1118 Ἀκαμαντίδης,
988 1039 1047 1099 τῶν
1078 1031 1110 1097 δὲ
1144 1030 1250 1109 δήμων
1277 1029 1479 1111 Χολαργεύς,

307 1160 373 1228 qno
404 1134 503 1203 modo
531 1155 625 1200 uerno
651 1157 804 1226 umquem
825 1148 968 1203 veterum
989 1149 1036 1203 est
1058 1135 1195 1202 locutus.
1240 1131 1357 1199 Forma
1377 1132 1482 1199 Attice

308 1255 440 1334 spperet
462 1243 497 1307 in
516 1242 673 1309 Aristide
689 1264 759 1334 cep.
784 1246 812 1310 1.
827 1243 999 1325 Ἀριςειδιρς
1014 1243 1028 1307 ὃ
1044 1239 1238 1321 Λυσιμάχου
1253 1243 1359 1320 φυλῆς
1374 1234 1482 1319 μένήν

309 1347 520 1428 Ἀντιοχίδος,
545 1351 604 1411 τῶν
629 1345 660 1410 δὲ
683 1348 786 1426 δήμων
811 1349 1049 1427 Ἀλωπεκῆθεν,
1073 1347 1131 1412 ubi
1149 1344 1278 1434 vulgate
1295 1343 1393 1410 lectio
1412 1358 1484 1412 eret

305 1452 360 1518 ris
379 1452 411 1518 δὲ
430 1453 525 1530 δήμου
543 1449 700 1516 tralaticio
721 1472 836 1530 errore,
847 1471 947 1541 quem
961 1472 1139 1541 numquam
1150 1447 1379 1515 commiserunt
1390 1458 1482 1515 vete·

308 1579 377 1637 res,
395 1571 428 1625 nt
447 1579 539 1648 saepe
561 1555 599 1621 iis
619 1555 769 1622 Graeculi
789 1557 941 1624 stiriceut.
977 1556 1080 1641 Quem
1095 1578 1212 1646 magun
1226 1555 1320 1644 copie
1336 1552 1484 1620 locorum

308 1674 357 1730 est
388 1662 446 1728 ubi
470 1662 514 1728 ite
542 1661 693 1728 scribitur
718 1673 753 1726 ut
780 1662 814 1728 in
840 1662 1006 1728 Persem
1031 1661 1277 1751 liuthppltrene
1303 1681 1376 1748 pap.
1399 1662 1433 1724 2.·
1450 1677 1484 1726 u.

307 1768 354 1839 ἔςι
384 1769 416 1835 δὲ
453 1769 505 1834 τὸν
538 1770 633 1847 δῆμον
668 1767 820 1849 Πιτθεύς,
853 1767 887 1832 in
914 1765 1074 1833 hocloco
1098 1777 1131 1832 et
1155 1750 1485 1844 similibus-omuibus
1600 1797 1604 1802 ¹

295 1871 532 1963 ,corrigendum
558 1894 625 1938 esse
643 1877 703 1938 τῶν
728 1872 831 1952 δήμων
851 1882 883 1940 et
909 1871 991 1940 ratio
1011 1871 1106 1942 docet
1125 1882 1159 1936 et
1177 1869 1255 1936 boni
1274 1868 1352 1934 libri
1367 1869 1486 1961 saepis·

308 1979 386 2047 sime
415 1978 616 2044 confirmant.
664 1977 766 2044 Recte
793 1999 881 2042 nunc
908 1973 1017 2043 editur
1047 1976 1081 2041 iu
1112 1974 1331 2041 Themistocle
1356 1996 1426 2066 esp.
1455 1977 1486 2053 1,

262 2101 271 2112 “
307 2083 479 2157 Νεοκλέους
518 2081 679 2166 Φρεωρρίου
714 2088 774 2149 τῶν
813 2084 935 2163 δήμων,
975 2083 1037 2148 uisi
1066 2081 1155 2172 quod
1189 2080 1396 2149 Athenienses
1424 2086 1485 2146 τῶν

303 2189 411 2268 δήμων
431 2187 498 2256 fere
518 2209 715 2279 praeponere
734 2187 850 2254 solent.
889 2186 974 2252 Vide
996 2188 1212 2254 lituuuurwn
1231 2186 1272 2252 ed
1291 2184 1371 2252 haee
1391 2186 1487 2254 serbe

307 2291 540 2360 Drnueuurms
555 2313 589 2382 p.
614 2295 719 2372 1003,
742 2297 792 2362 15.
813 2293 881 2360 siri
899 2318 972 2374 μοι,
989 2295 1119 2374 Βοιωτέ,
1141 2293 1231 2360 τίθεν
1250 2294 1302 2358 νῦν
1320 2295 1485 2371 Ἀκοιμοιν-

298 2396 388 2470 ,τίδος
428 2402 534 2479 Φυλῆς
570 2397 708 2474 seynse
747 2398 800 2462 κοί
838 2400 898 2464 τῶν
936 2399 1040 2477 δήμιον
1078 2399 1236 2479 Θορίκιοςς
1280 2395 1337 2462 ubi
1375 2417 1486 2463 omues

309 2499 436 2566 codices
464 2499 516 2563 τὸν
548 2499 643 2576 δῆμον
671 2499 820 2566 demere
841 2499 1010 2580 exhibent,
1036 2523 1120 2568 uuus
1138 2499 1177 2581 S,
1201 2512 1236 2566 ut
1256 2500 1355 2579 solet,
1379 2522 1486 2566 serem

310 2603 482 2670 lectionem
505 2613 609 2667 serrat
629 2601 724 2670 solus.
774 2603 875 2688 Quem
895 2605 1097 2696 negligenter
1117 2604 1243 2695 scripsit
1262 2603 1487 2674 Puuuucttus
1516 2591 1522 2604 ⁴

311 2707 345 2775 in
362 2708 521 2778 Aristide
545 2715 614 2797 c'ep.
634 2713 665 2773 3.
683 2709 853 2788 μέλλοντος
882 2710 913 2776 δὲ
939 2715 994 2776 τοῦ
1019 2711 1194 2793 προέδρου
1216 2711 1269 2776 τὸν
1288 2712 1383 2791 δῆμον
1401 2716 1488 2779 irs·

310 2817 497 2905 ρωτοῖνύ
520 2820 624 2896 siries
650 2825 705 2886 τοῦ
732 2819 962 2903 ψήφίομκτος,
986 2845 1046 2914 pro
1070 2827 1124 2888 τοῦ
1145 2819 1300 2892 metros
1319 2831 1353 2890 et
1370 2819 1486 2899 εὀτιήρή-

308 2927 422 3010 Φίζειν.
469 2927 508 2993 lu
533 2949 602 3017 cep.
629 2930 649 2991 4
677 2926 812 3016 pessime
833 2927 951 3018 iegitur
969 2928 1072 3010 κρίνων
1096 2927 1231 2999 ίδιιίτοιις
1255 2925 1326 2992 δυοί
1343 2945 1404 3015 pro
1424 2920 1487 3004 κρί-

311 3053 366 3096 νων
384 3031 401 3095 δ
407 3029 420 3096 ί
425 3053 540 3096 οιιτοιν
563 3031 633 3097 δυσί
640 3079 651 3109 ,
675 3030 730 3096 sed
750 3031 858 3113 κρίνειν
883 3031 1008 3098 δίοιτοιν
1030 3053 1097 3098 non
1117 3030 1230 3097 sumsit
1250 3031 1291 3096 ab
1310 3028 1488 3096 Athenien·

311 3134 407 3201 sibus.
440 3134 478 3201 lu
499 3158 568 3226 sep.
590 3139 634 3203 24
656 3132 773 3203 dicitur
792 3136 946 3204 Aristides
958 3139 1015 3212 τήν
1029 3137 1224 3219 terrendis
1238 3141 1298 3200 rtis
1313 3133 1487 3217 χρήμοίτων

310 3243 519 3319 τοιήοοιτίοοι,
551 3254 582 3308 et
609 3253 730 3310 veteres
757 3243 790 3308 in
808 3265 857 3309 nen
881 3265 915 3310 re
943 3266 1053 3310 omues
1071 3240 1169 3322 τοίξοιι
1190 3241 1357 3320 dicebant,
1380 3241 1395 3306 ὁ
1415 3239 1488 3312 τοὺς

309 3345 420 3426 Φίρους
446 3344 549 3424 τοίξοις
578 3355 643 3420 τοῖς
665 3347 820 3423 Ἔλλιροιν
848 3348 1030 3429 Ἀριςείδιρς.
1063 3347 1125 3415 vid.
1155 3348 1314 3428 Aletum.
1330 3345 1373 3413 de
1389 3343 1431 3413 F.
1449 3343 1489 3411 l·

312 3454 330 3535 §
352 3454 406 3518 23.
423 3455 460 3516 in
480 3449 627 3544 Ctesiph.
645 3455 663 3537 §
681 3455 757 3518 258.
774 3455 984 3534 Ἀτορροιφήν
1003 3456 1157 3527 sortietur
1175 3466 1222 3520 est
1240 3476 1372 3518 censum
1387 3473 1490 3542 agere

313 3567 346 3621 et
368 3554 409 3620 de
429 3555 581 3623 Romanis
600 3556 664 3622 dici
686 3554 785 3624 solet..
822 3555 963 3622 Τοίττειν
986 3557 1057 3630 τοὺς
1083 3558 1195 3639 Φόρους
1218 3558 1420 3626 reddendum
1441 3569 1490 3625 est

313 3661 517 3729 Prsrrncno
545 3663 579 3727 iu
608 3663 766 3729 Aristide
791 3681 860 3751 cup.
893 3663 951 3740 26,
983 3661 1039 3727 nbi
1064 3659 1117 3729 ὅτε
1141 3665 1213 3737 τοὺς
1236 3664 1349 3747 φόρους
1373 3662 1489 3729 ἕτιιττε

313 3765 487 3856 legendum
508 3787 572 3860 pro
603 3764 760 3847 ἔνορνττε,
787 3785 869 3854 quse
892 3764 988 3831 serbe
1010 3787 1049 3832 ex
1071 3764 1231 3834 Gusnuo
1246 3767 1434 3858 descripsit,
1457 3776 1490 3833 et

313 3872 347 3936 iu
378 3895 447 3962 cup.
469 3876 522 3940 27.
547 3869 620 3951 μήδ’
639 3870 778 3952 ἐντάφιον
801 3870 1032 3946 κοιτοιλιντίντι,
1058 3872 1134 3962 quie
1165 3871 1227 3939 hoc
1246 3873 1422 3940 absurdum
1442 3882 1490 3938 est

314 3975 401 4042 haud
433 3978 497 4044 seio
518 3999 567 4044 ‘sn
598 3975 821 4042 Pnnrsncnus
845 3976 1004 4066 scripserit
1022 3979 1101 4056 μηδὲ
1126 3976 1288 4063 τκφήνοω,
1310 4001 1394 4072 quse
1412 3987 1490 4044 note

315 4094 363 4150 est
385 4085 420 4150 iu
445 4107 481 4150 ea
504 4107 539 4151 re
563 4082 700 4160 locutio,
723 4092 759 4146 ut
782 4081 815 4146 in
839 4081 945 4148 Pluto
964 4105 1008 4149 vs.
1033 4087 1109 4152 556.

385 4187 626 4271 sitientissime
651 4185 704 4252 κοιί
729 4186 894 4266 μοχίήοοις
918 4187 1111 4271 κοιτοιλείψει
1135 4189 1213 4270 μηδὲ
1235 4193 1391 4275 τκφῆνοοι.

302 4305 346 4360 ¹et
369 4293 403 4359 in
426 4293 614 4360 Ecclesiae.
638 4314 681 4358 ss.
706 4292 782 4357 591.

470 4399 522 4464 τὸν
545 4398 603 4477 μὲν
625 4403 772 4462 πλουτεῖν
786 4395 887 4477 -τςῗι
912 4397 938 4461 δ’
962 4393 1041 4464 είνοιι
1065 4398 1144 4476 μηδὲ
1166 4403 1321 4480 τοιφήνοιι.
1367 4399 1371 4405 '
1426 4397 1442 4454 “.

313 4502 351 4570 Iu
370 4504 434 4571 ritu
449 4501 585 4570 Solonis
597 4523 674 4591 esp.
688 4503 728 4564 18
747 4522 806 4590 pro
826 4505 885 4565 τῶν
901 4499 999 4578 νόμων
1014 4501 1230 4584 κυριοήοοντοις
1243 4499 1490 4570 malesnrrsu

208 4607 209 4610 ’
314 4610 508 4690 κυριεύοντρις
532 4605 637 4687 dedit,
656 4605 797 4697 recipere
817 4603 957 4673 debehat
973 4604 1089 4689 κυρίους
1107 4603 1218 4682 ίντοις,
1235 4606 1272 4672 ut
1291 4606 1489 4699 nescioquis

315 4714 487 4784 rectissime
515 4714 666 4794 correxit,
690 4723 722 4778 et
741 4722 813 4804 post
834 4733 937 4802 peuce
954 4709 1090 4778 emenda
1110 4711 1207 4780 τοιντί
1230 4720 1375 4796 λαχεῖν
1402 4712 1488 4791 δίκήν
