3767 5717
863 616 929 682 304

315 815 431 907 quihus
448 809 660 878 Athenienses
679 830 806 902 semper
824 805 1089 878 consuetudinem
1109 806 1251 878 lonicum
1269 812 1488 898 retinuerunt,

312 921 408 987 utin
436 918 631 998 Πουλυτύυυ,
670 916 802 992 Θύλεοι,
838 916 964 994 Πύθεω,
1000 916 1127 997 Τύριον,
1167 917 1293 994 Ζήνιος,
1328 921 1487 999 Σκήψιος,

312 1025 480 1108 Ἀφύτιος,
504 1023 670 1102 Κρεύσιος,
694 1021 806 1098 Λύδν,
831 1021 919 1100 aliis,
948 1021 989 1086 de
1010 1020 1127 1111 quihus
1146 1021 1224 1088 alins
1244 1022 1366 1090 dicent:
1399 1043 1489 1088 nuno

308 1152 412 1196 nnnrn
432 1129 576 1196 Luctrnr
595 1148 688 1193 causa
704 1126 871 1206 indicabo,
888 1127 946 1216 qui
966 1126 1021 1192 ubi
1038 1126 1176 1192 debehat
1194 1129 1307 1212 ῖάζειν,
1331 1151 1400 1197 non
1417 1150 1488 1228 nae·-

311 1237 417 1303 minit.
462 1234 588 1300 Nomen
617 1244 665 1298 est
694 1233 891 1308 πουλύπους,
924 1232 958 1298 in
988 1255 1054 1324 quo
1085 1255 1194 1299 omnes
1225 1234 1324 1304 Attici
1352 1235 1487 1326 primunt

312 1340 515 1433 producunt,
533 1348 567 1403 et
585 1336 685 1403 liores
711 1359 842 1428 quoque
864 1337 1047 1411 πουλύποδες
1070 1337 1236 1418 dicebant,
1264 1352 1297 1407 at
1319 1339 1492 1407 Lucrinus
1514 1363 1533 1402 ι’

229 1501 240 1516 .
314 1445 466 1538 aequales
486 1443 629 1536 seqnitur
648 1454 681 1509 et
701 1443 860 1528 πολύπουν
880 1440 960 1508 dirit
975 1445 1012 1522 9,
1025 1444 1060 1522 4,
1078 1445 1108 1512 2.
1127 1454 1159 1508 et
1177 1444 1341 1510 πολύποδα
1363 1447 1403 1512 14
1410 1492 1420 1525 ,
1438 1448 1490 1512 10.

314 1563 348 1618 et
370 1549 456 1616 alibi.

318 1707 323 1715 .
360 1656 400 1722 ln
421 1656 590 1722 aerhorunr
608 1652 719 1720 formis
739 1673 837 1744 quarn
856 1649 1000 1718 discedat
1023 1674 1041 1718 a
1067 1651 1219 1718 Veterum
1240 1672 1299 1718 usu
1324 1653 1358 1718 in
1379 1657 1490 1746 paucis

315 1761 509 1854 quibusdam
536 1781 711 1850 cognosce,
745 1779 783 1824 ac
813 1757 954 1849 primum
986 1757 1019 1822 in
1049 1757 1198 1836 πέτομαι.
1254 1757 1352 1826 dttioi
1377 1761 1492 1830 dicunt

312 1868 467 1952 πέτομαι,
491 1866 653 1944 πτύοομαι
678 1862 791 1952 (semel
810 1863 981 1932 etiterum
1001 1864 1215 1949 πετύτομαι),
1242 1875 1310 1930 tum
1330 1867 1490 1947 ἐπτύμκν,

314 1973 464 2056 πτέούαι,
479 1970 643 2049 πτύμουος.
669 1968 793 2059 Tragici
805 1991 842 2036 er
856 1968 997 2036 llorruuo
1009 1981 1225 2036 assumserunt
1236 1969 1344 2047 ἔττνν,
1361 1973 1491 2049 πταύκν,

314 2084 449 2152 πτνῖναι,
474 2074 579 2153 πτάς,
608 2075 1017 2154 ο1ἕππύμκν,πτάσύοιι,
1042 2072 1222 2152 πτάμενυς,
1249 2097 1387 2166 quorum
1407 2077 1494 2144 nihil

314 2181 350 2246 in
382 2179 570 2271 quotidiano
597 2203 743 2246 sermono
770 2180 804 2246 in
832 2202 891 2246 usu
916 2178 978 2244 luit
1002 2190 1092 2244 entra
1116 2177 1225 2246 iocum
1245 2193 1303 2247 aut
1322 2184 1490 2264 παρῳδύαν.

313 2285 430 2376 ltaque
457 2285 492 2350 ιἰι
513 2284 686 2352 Comoedia
715 2284 854 2364 ἕπτύμνν
878 2284 988 2350 lucum
1014 2281 1128 2362 habel,
1154 2283 1301 2364 ἕπτάμκν
1321 2285 1377 2352 ubi
1397 2309 1492 2378 supra

297 2414 445 2477 ,soccum
465 2391 567 2458 oratio
585 2391 736 2482 adsurgit.
784 2390 935 2457 Librariis
957 2390 1051 2456 eliter
1067 2389 1179 2456 risum.
1213 2390 1344 2460 Formas
1364 2414 1401 2458 er
1423 2393 1493 2458 llo·

317 2515 408 2564 rtrno
429 2498 541 2564 sibiet
561 2496 709 2564 omnihus
727 2496 906 2563 notissimos
924 2496 1039 2588 passim
1059 2495 1234 2575 invehunt,
1265 2496 1376 2564 Critici
1399 2497 1492 2566 dubii

317 2601 451 2669 haerent
484 2615 516 2669 et
551 2615 720 2693 utromque
755 2602 891 2670 lorrnant
921 2602 1033 2668 faciles
1063 2601 1247 2671 admittunt.
1303 2605 1492 2672 Pcrcurram

318 2707 564 2775 demostratus
593 2707 819 2788 comoediam,
849 2708 885 2774 in
914 2730 979 2799 qus
1008 2707 1118 2774 rolant
1148 2729 1276 2789 ornnes,
1299 2713 1404 2790 Aves,
1436 2709 1493 2777 uhi

316 2835 361 2880 rs.
382 2818 426 2879 35
450 2814 589 2904 genuina
613 2813 717 2880 formo
739 2812 921 2893 ἀνεττύμκυ
946 2824 1065 2879 serrata
1090 2825 1154 2880 est:
1315 2904 1317 2910 y

473 2907 704 2998 ’ἀνεπτόμεσθ’
727 2921 763 2984 ἐκ
785 2926 841 2993 τοῖς
865 2919 1013 2999 πατρίδος
1037 2919 1160 3002 ἀμφοῖν
1183 2920 1298 2988 ποδοῖν.

318 3020 375 3088 aed
398 3023 462 3090 alio
485 3025 566 3092 ritio
590 3047 699 3092 versus
723 3023 863 3090 laborat:
888 3023 1012 3114 corrige

496 3129 685 3209 ἀνιπτύμεύ’
707 3131 743 3194 ἐκ
765 3135 821 3202 τῆς
845 3129 994 3209 πατρίδος
1018 3130 1141 3213 ἀμφοῖν
1164 3138 1230 3196 τοῖν
1254 3131 1370 3199 ποδοῖν.

319 3229 459 3299 Perierat
483 3258 526 3301 rs.
550 3239 625 3304 118.
649 3229 707 3300 irbi
728 3234 763 3300 in
787 3233 917 3324 optimis
939 3233 1030 3300 lihris
1054 3246 1116 3301 est:

496 3340 550 3404 ssi
574 3347 634 3420 γῆν
658 3340 770 3406 ἕπε’του
792 3339 846 3404 καὶ
871 3340 927 3412 τὴν
952 3339 1116 3404 ύάλατταυ
1143 3339 1173 3404 ἕν
1197 3340 1313 3423 κύκλῳ.

323 3437 434 3506 critici
456 3443 677 3511 restituerunt:

498 3550 551 3614 καὶ
566 3558 638 3630 ’γῆν
660 3551 797 3618 ἐπέπτου
819 3549 873 3615 καὶ
897 3548 1063 3616 ύύλατταυ
1083 3553 1118 3616 ’ἐν
1141 3551 1258 3635 κύκλῳ.

321 3650 462 3719 Perierat
485 3679 530 3723 rs.
555 3660 630 3726 788.

503 3763 708 3842 ἕκπετύμευος
731 3762 771 3829 ἀν
793 3756 880 3835 ούτος
904 3760 1045 3840 ἠούςκοευ
1069 3764 1161 3830 ε’λύιδν
1184 3765 1299 3832 slecis.

320 3863 477 3928 sententio
507 3877 538 3932 et
566 3880 669 3934 metro
696 3869 831 3934 iubente
859 3867 1063 3936 emendatum
1095 3883 1142 3938 est
1173 3870 1379 3952 ἒκπτύμενοςι
1409 3875 1495 3943 sslre

320 3966 401 4032 abiit
420 3992 462 4038 rs.
476 3973 574 4038 1471.
589 3972 824 4053 ύπεπτύμεσύοι.
851 3972 1009 4066 Gorrnptn
1026 3989 1074 4042 est
1093 3978 1126 4043 in
1145 3978 1280 4046 formem
1298 3982 1495 4052 notissimam

321 4063 486 4143 Graeculis
514 4103 559 4146 rs.
586 4082 630 4144 48
657 4080 818 4145 ἐπέπτατο
826 4130 835 4159 ,
850 4103 910 4148 τι.
935 4086 980 4148 90
1005 4083 1194 4159 ἀπέπτατο,
1231 4088 1296 4153 278
1316 4087 1493 4165 ἐσέπτατο,

322 4180 387 4244 789
407 4194 440 4246 et
460 4187 525 4251 792
546 4185 748 4264 κατέπτατο,
773 4189 835 4251 791
858 4197 891 4252 et
910 4189 975 4252 795
998 4188 1176 4268 ἀνέπτατο,
1204 4192 1289 4257 1173
1310 4194 1496 4274 ἀπέπτατο,

324 4287 412 4352 1206
431 4290 673 4370 ἀναπτάμενος,
703 4295 790 4358 1613
812 4293 1050 4375 προσπτύμενος
1071 4306 1103 4360 et
1126 4299 1211 4362 1624
1231 4298 1495 4378 καταπτάμενος,

321 4391 442 4481 quibus
471 4394 551 4460 locis
581 4395 730 4462 omnibus
760 4397 963 4487 reponendae
996 4411 1070 4465 sunt
1093 4401 1215 4468 formos
1238 4403 1272 4470 in
1291 4403 1437 4478 -έπτετο,
1463 4415 1496 4471 et

319 4497 503 4577 -πτύμενυς,
538 4499 672 4566 Dubitas
693 4501 815 4568 etiarn?
835 4503 956 4595 inspice
974 4503 1062 4570 hunc
1080 4528 1179 4572 unum
1198 4508 1495 4603 loonmrs.788sq.
1537 4595 1540 4602 Ι
1630 4593 1632 4598 Ι

456 4605 647 4685 ἐκπτόμενος
670 4605 711 4672 ἀν
733 4602 818 4680 οὗτος
841 4611 983 4690 ἠρύςκτεν
1006 4613 1098 4677 titus
1121 4613 1244 4690 οἴκαδε,

456 4707 531 4794 κᾷτ’
552 4709 593 4777 ἀν
616 4712 808 4792 ἕμπλκτύεὶς
832 4714 885 4798 ἐφ’
909 4716 994 4795 ἡμᾶς
1007 4711 1104 4792 :sides
1128 4713 1168 4786 κύ
1191 4719 1386 4790 κουτέπτατο.
