3767 5717
843 621 907 686 387

291 819 439 886 αιτιοι
469 813 629 882 atessam.
656 810 1004 904 Ιιιοιρ.21.ἐτίλουν
1027 807 1191 892 αιμμι
1213 806 1326 875 vitiose
1344 762 1467 878 ateius

291 935 349 992 est.
404 921 496 992 Serti
535 920 673 988 dominis
707 918 871 1001 οίτοφοροίν
901 927 989 984 reete
1018 915 1172 981 dicuntur
1198 914 1358 1006 pendete,
1392 917 1470 984 sosii

180 1061 182 1068 ·
291 1029 405 1116 φίρους
439 1029 559 1112 ἔφερον.
607 1026 647 1092 ln
665 1025 846 1115 Lysandro
866 1027 935 1115 e'ap.
958 1026 1009 1090 15.
1030 1020 1106 1105 ἕκτῃ
1133 1019 1186 1086 tect
1209 1020 1326 1104 δεκάτῃ
1346 1031 1471 1089 Μουνυ-

292 1140 403 1217 χιῶνος
431 1133 546 1214 μηνός,
580 1132 718 1225 probum
749 1142 796 1198 est
820 1130 871 1198 ίοιί
896 1130 985 1196 δέκα.
1032 1127 1070 1193 lu
1100 1125 1234 1193 Cimone
1254 1148 1324 1216 esp.
1346 1130 1377 1192 4.
1394 1129 1471 1192 Ἰσο-

201 1312 207 1322 ,
292 1240 379 1316 δίκην
408 1238 512 1304 κατα
544 1238 685 1317 νόμους
715 1238 800 1319 αὐτῷ
826 1235 1058 1315 συμβιώσασαν
1086 1245 1196 1298 eontra
1215 1253 1310 1298 nsum
1328 1241 1474 1298 ueterum

293 1344 391 1426 dixit,
413 1341 533 1437 quibus
555 1343 658 1426 νόμῳ,
683 1341 701 1420 sl
725 1339 807 1423 νόμῳ
830 1341 963 1419 γαμετή
987 1358 1058 1405 snus
1078 1349 1127 1405 est
1143 1338 1251 1405 disere
1269 1349 1302 1403 et
1322 1343 1474 1404 συνοικεῖν

293 1471 354 1544 pro
380 1451 546 1530 συμβιοῦν.
596 1448 635 1514 lu
658 1469 727 1538 esp.
750 1451 789 1512 17
809 1446 926 1536 legitur
945 1447 964 1521 ἡ
988 1447 1089 1524 dentis
1117 1447 1177 1510 τῶν
1203 1444 1475 1510 πεντακοσίων-

292 1553 511 1638 ἀπηγόρευσε,
537 1553 710 1621 sexcenties
731 1563 837 1619 tamen
859 1551 1084 1618 Ptunucnus
1103 1548 1191 1641 apud
1211 1559 1331 1616 veteres
1352 1548 1475 1639 legerat

294 1662 312 1737 ἡ
341 1661 441 1740 βουλὴ
467 1663 493 1728 ol
523 1659 742 1734 πεντακόσιοι,
766 1679 873 1750 neque
897 1679 1049 1748 umquam
1074 1656 1174 1728 aliter
1191 1655 1423 1746 loquebantur,
1441 1668 1475 1724 et

293 1764 434 1840 duatus,
469 1785 649 1857 numquam
676 1763 887 1850 dnsydpevse.
932 1761 971 1827 lu
999 1776 1068 1854 etp.
1097 1763 1148 1831 18.
1174 1763 1322 1830 lonicum
1341 1774 1388 1829 est
1406 1761 1475 1828 ἐκί-

293 1883 406 1937 λιυσεν
434 1872 561 1940 οίοιιέναι
585 1873 657 1945 τοὺς
684 1867 918 1951 ίεοτρίτους
941 1880 975 1935 et
997 1871 1023 1933 ul
1047 1869 1187 1951 ίεοτρί
1195 1893 1261 1934 τοι
1286 1867 1475 1946 κατέβαινον

294 1975 347 2040 ts}
380 1974 558 2043 ίιίλασσαν.
607 1975 694 2059 Quos
723 1972 816 2064 lones
844 1972 1027 2055 θεοπρόπους
1053 1973 1296 2064 appellaut'eus
1316 1981 1422 2039 sertus
1442 1981 1477 2038 et

294 2091 442 2147 constans
482 2079 661 2149 Atticorum
695 2100 770 2145 usus
802 2078 989 2169 appellabat
1022 2079 1157 2161 ίεοιροιίς.
1214 2079 1309 2146 llaud
1339 2080 1407 2145 seio
1433 2099 1475 2147 an

295 2187 396 2278 ipsius
426 2185 626 2257 Puussucnt
654 2207 760 2252 errore
778 2185 903 2274 legatur
921 2183 955 2249 iu
975 2205 1045 2275 cap.
1067 2187 1117 2250 ts.
1136 2184 1208 2258 τοὺς
1233 2186 1358 2267 Περσῶν
1385 2189 1476 2266 φορο-

294 2291 408 2372 λόγους
443 2294 475 2358 ἐν
510 2293 624 2371 μέσαις
658 2297 731 2362 ταῖς
769 2287 956 2370 συμμάχοις
986 2290 1039 2354 καὶ
1067 2288 1183 2371 φίλαις
1212 2288 1341 2354 τίλεσιν
1364 2290 1477 2354 οξτολι-

294 2393 430 2474 τίντες,
463 2415 603 2485 namque
632 2393 776 2459 Atticum
805 2404 852 2459 est
882 2395 916 2458 αί
949 2393 1156 2472 συμμαχίδες
1194 2392 1322 2465 τίλεις,
1347 2413 1413 2457 nou
1441 2393 1476 2458 αί

293 2498 483 2580 σύμμαχοι,
519 2513 552 2567 ut
577 2521 641 2566 uun
661 2495 777 2565 dubito
794 2500 873 2590 quin
892 2498 1006 2582 φίλαις
1024 2498 1202 2564 σανίδεσσιν
1223 2499 1302 2564 vitiu
1321 2498 1479 2567 scribatur

294 2623 353 2695 pro
371 2604 507 2686 φιλίαις.
542 2604 760 2696 opponuntur
779 2603 864 2670 iuter
883 2625 917 2669 se
935 2603 1084 2683 τολίμιος
1103 2615 1137 2669 et
1155 2603 1261 2686 φίλιος
1281 2626 1347 2668 nou
1361 2603 1474 2686 φίλος,

296 2719 330 2776 et
357 2708 409 2774 διδ
439 2709 597 2789 τολεμίας
624 2745 670 2762 ·-
690 2709 741 2775 διιδ
765 2709 878 2793 φιλίας
898 2731 965 2774 non
982 2709 1098 2795 φίλης,
1120 2707 1333 2800 quamobrem
1352 2732 1479 2804 semper

294 2812 393 2900 φιλία
424 2820 485 2892 νῆ,
515 2814 606 2896 χιίςα
631 2811 750 2881 dieitur
770 2837 856 2907 quae
875 2815 1034 2882 sociorum
1054 2826 1088 2881 et
1108 2815 1287 2882 amisorum
1308 2827 1370 2896 est,
1394 2838 1477 2908 quu-

295 2941 368 2986 rum
395 2918 490 2985 urbes
516 2921 623 3003 φίλιαι
649 2923 756 2994 τίλεις
778 2922 994 3012 appellantur.
1041 2919 1174 2987 Seribae
1199 2921 1296 3004 φίλαι
1317 2933 1351 2988 et
1368 2923 1476 3005 φίλιαι

297 3047 362 3091 nou
383 3047 454 3091 rure
477 3025 698 3108 confundunt,
722 3024 863 3118 ut'apud
885 3027 1011 3093 Lnnu
1031 3024 1105 3092 ΧΗ.
1126 3031 1171 3121 dt}
1189 3025 1295 3098 πόλεις
1318 3026 1477 3106 πολεμίας

296 3131 391 3206 οὔσας
423 3131 526 3213 φίλας
560 3131 708 3208 ἐποίησαν
737 3132 770 3197 iu
801 3132 952 3200 omnibus
980 3143 1048 3210 est,
1078 3142 1113 3196 at
1139 3142 1264 3197 eertum
1290 3142 1339 3196 est
1362 3129 1476 3213 φιλίας

297 3236 427 3327 requiri.
475 3234 521 3300 llx
553 3237 685 3302 caeteris
713 3237 785 3304 vitis
809 3238 874 3304 duo
905 3249 1031 3304 tautum
1061 3236 1206 3328 exempla
1233 3257 1413 3328 apponant
1442 3233 1478 3300 iu

296 3339 465 3409 Phocione
491 3363 561 3432 cap.
582 3347 635 3408 27.
658 3343 783 3434 scripsit
804 3345 917 3428 φιλίαν
947 3343 1072 3410 ἔσεσθαι
1097 3344 1151 3408 καὶ
1172 3341 1368 3424 συμμαχίαν
1387 3355 1477 3409 τολι-

295 3446 470 3524 τιυομίνοις
513 3447 570 3521 τὴν
609 3447 738 3529 τοίτριον
775 3449 839 3514 sissi
882 3450 1064 3527 τιμήματος
1104 3447 1284 3520 τολιτείαν,
1324 3446 1380 3511 nbi
1412 3445 1477 3513 οὶτὸ

297 3552 479 3632 τιμήματος
521 3551 643 3616 dietum
680 3564 728 3618 est
757 3564 792 3618 ut
822 3575 864 3617 ee
893 3575 994 3618 σσνιεα
1023 3549 1108 3642 apud
1137 3549 1308 3618 Romanos.
1364 3548 1478 3616 Graeci

300 3677 411 3722 omnes
431 3654 508 3722 olim
531 3666 714 3724 constanter
733 3656 883 3722 dicebant
908 3659 925 3733 sl
955 3656 1030 3722 sissi
1050 3653 1292 3734 τιμημοίτιιν
1312 3654 1475 3729 τολιτεία,

299 3783 364 3826 uon
390 3764 582 3841 τιμήματος.
631 3762 732 3853 θυρίσι
760 3775 807 3830 est
826 3762 1047 3851 exemplorum
1064 3759 1116 3826 vel
1136 3759 1222 3850 apud
1243 3759 1478 3829 dannatum

298 3879 332 3932 et
352 3867 543 3934 unisonas.
575 3865 744 3958 Optimum
763 3880 809 3936 ast
830 3868 865 3933 in
886 3868 972 3933 libro
993 3865 1080 3933 vlu.
1096 3866 1137 3932 de
1155 3864 1239 3956 Bep.
1257 3889 1330 3956 pag.
1354 3869 1429 3934 550.
1447 3883 1478 3932 c.

298 3971 354 4046 τὴν
380 3971 443 4036 sind
478 3973 666 4051 τιμνμοίταν
694 3973 879 4054 πολιτείαν,
909 3975 940 4038 ἕν
971 3969 990 4054 ᾗ
1014 3973 1041 4037 οἱ
1069 3971 1127 4050 μὲν
1157 3971 1297 4038 οιλοιίσιοι
1321 3970 1475 4054 ἄρχουσι,

298 4075 408 4152 τίνησι
442 4076 468 4140 δ’
500 4079 533 4141 οὐ
569 4079 697 4158 μέτεςιν
726 4081 851 4161 ἀρχῆς,
876 4098 1015 4170 quorum
1037 4077 1261 4143 Pannissus
1280 4076 1343 4143 luit
1361 4078 1478 4146 imme-

299 4201 379 4245 mor.
427 4178 573 4248 Alterum
595 4184 695 4249 estin
719 4184 782 4251 vita
803 4184 1036 4250 Demosthenis
1054 4203 1122 4272 esp.
1147 4183 1198 4248 16.
1218 4179 1270 4248 ὅτι
1295 4182 1477 4265 πρεσβείαν

299 4284 427 4357 δέκατος
449 4280 522 4360 ἧκεν
549 4289 592 4361 είς
615 4289 824 4356 Μακεδονίαν.
861 4289 951 4357 civis·
969 4288 1171 4358 Atheniensis
1191 4288 1330 4378 quilibet
1349 4287 1478 4354 dixisset

288 4389 428 4462 ,δίαατος
451 4391 565 4466 αὖτίς,
591 4393 816 4464 Puusiucnus
836 4395 995 4464 addidisse
1015 4406 1141 4486 potest,
1160 4405 1198 4460 ut
1216 4394 1296 4459 alibi
1307 4407 1477 4466 'nunnun-

277 4517 397 4589 quatu
429 4496 572 4578 addidit,
606 4508 638 4566 al
665 4503 772 4592 potuit
799 4504 894 4570 etiam
923 4503 1146 4570 auctoritatem
1172 4500 1354 4572 Atticorum
1372 4497 1477 4588 negli-

302 4616 415 4693 gentes
432 4604 597 4690 deserere,
621 4608 709 4698 quod
733 4611 917 4676 nunesatis
941 4608 1022 4686 mihi
1045 4603 1155 4676 uideor
1177 4608 1418 4678 demonstrasse.

287 4740 291 4747 ·
345 4707 398 4778 dd
416 4735 488 4803 pag.
509 4719 585 4784 351.
633 4714 668 4781 Si
690 4715 742 4781 eui
762 4716 856 4796 λόγος
875 4715 1014 4791 ,ἆτεδίίν
1030 4714 1154 4785 dieitur
1171 4713 1269 4793 λδχου
1286 4718 1418 4794 sextis,
1441 4708 1475 4779 iu
