3767 5717
975 585 1040 652 318

423 779 638 858 Ἀκοοδνίμειοον
658 775 832 850 ἀπιόντων,
857 774 975 866 duplex
993 775 1027 842 in
1045 773 1197 843 ἀπιόντων
1220 775 1334 844 vitium
1356 777 1599 850 estscriburum

424 886 580 962 alterum,
604 882 740 946 alterum
762 881 924 961 Lucum,
949 880 1005 970 qui
1022 877 1166 947 ἀνιόντων
1185 879 1340 960 dederat,
1362 903 1464 972 quum
1482 885 1599 954 ἀνιόντι

427 991 558 1062 deberet
590 999 622 1052 et
654 1009 746 1077 saepo
775 985 895 1054 chorda
930 986 1057 1053 oberrat
1088 984 1210 1055 eadem.
1266 986 1396 1056 Veteres
1424 989 1600 1078 genitivum

424 1106 569 1188 ponunt,
602 1091 658 1160 uhi
678 1091 829 1181 temporis
852 1091 988 1181 spatium
1011 1089 1191 1179 significant
1210 1091 1290 1162 dnm
1309 1093 1491 1180 ρωόάγίσο,
1515 1093 1601 1164 datl-

424 1225 482 1270 rus
509 1197 631 1266 indicet
659 1198 756 1264 sitnm
786 1197 942 1264 locorum.
991 1194 1068 1278 Quis
1090 1194 1198 1268 credat
1217 1196 1249 1268 in
1272 1196 1471 1270 Tuncrtuor
1492 1197 1527 1276 1,
1555 1203 1597 1268 12

424 1306 481 1372 ubi
507 1304 625 1394 legitur
655 1302 846 1380 Ἐπίδοομνός
871 1304 917 1372 ἔτι
948 1302 1038 1372 πόλις
1064 1301 1095 1364 ἐν
1124 1300 1211 1383 δεξιᾷ
1235 1302 1397 1368 ἐσπλέοντι
1422 1303 1474 1368 τόν
1495 1302 1597 1370 Ἰόνιον

424 1412 559 1484 κόλπον.
591 1409 727 1479 absarro
748 1405 878 1476 homine
900 1406 997 1478 scribi
1017 1407 1158 1496 potuisse
1178 1407 1388 1480 ἐσπλέοντοςί
1437 1407 1600 1491 Quemad-

424 1516 559 1582 modum
587 1515 673 1581 enim
701 1512 821 1578 dicitnr
845 1510 1070 1593 περιπλώοντες
1093 1512 1149 1584 την
1173 1510 1298 1588 Λιβύην
1319 1513 1372 1578 τόν
1397 1511 1480 1588 taso
1502 1510 1597 1591 ἔσχον
1642 1533 1645 1536 ·

424 1623 456 1693 ἐς
481 1619 524 1684 τά
549 1617 637 1695 δεξιοί
662 1616 807 1704 (Hauon.
830 1616 886 1683 lV.
911 1618 988 1704 42),
1003 1626 1037 1682 et
1053 1613 1138 1704 apud
1157 1611 1336 1682 (instruunt
1354 1617 1385 1680 ἐν
1411 1617 1599 1682 Ὀδυσσεῦσι

423 1724 536 1813 fragm.
561 1721 619 1790 lll.

460 1831 511 1896 ἐπ’
534 1826 649 1909 ἀριςέρ’
671 1827 720 1898 ἀεὶ
745 1829 800 1902 την
823 1826 934 1907 ἀρκτον
959 1823 1040 1905 ἔχων
1064 1822 1256 1902 λάμπονσοον
1280 1821 1335 1898 ἕως
1359 1822 1398 1892 ἀν
1423 1823 1552 1906 ε’φεόρηο

427 1945 460 2001 et
488 1933 608 2023 passim.
637 1932 812 2012 υ111)ἰ,ὀίο
845 1930 1018 1999 dicendum
1050 1941 1097 2000 ost
1120 1929 1133 1992 ό
1158 1927 1241 2004 ἥλιος
1274 1930 1337 1998 ε’ςίν
1369 1931 1399 1996 ἐν
1422 1927 1507 2011 δεξιᾷ
1531 1936 1599 2001 τοῖς

425 2036 627 2116 sordidulus
661 2037 895 2118 περιπλέουσιν,
927 2031 1198 2132 quamadmodum
1230 2033 1402 2108 sexcenties
1429 2031 1514 2122 apud
1544 2053 1603 2098 re-

427 2154 510 2208 tercs
541 2141 657 2232 passim
688 2141 720 2204 in
752 2163 789 2204 ca
817 2162 850 2204 re
883 2137 984 2204 dativi
1016 2139 1176 2227 leguntur.
1239 2136 1412 2228 Sequiores,
1439 2136 1602 2227 solipec-

428 2259 520 2312 cant:
551 2268 793 2334 nonnumquam
822 2245 1007 2310 Prosrrns
1025 2243 1138 2310 erravit
1157 2253 1190 2307 ct
1209 2242 1273 2309 alii.
1324 2242 1456 2332 Saepius
1477 2241 1601 2308 Locu-

426 2371 506 2432 lttJS,
543 2355 598 2429 13,
631 2354 652 2414 8
685 2350 837 2415 εἰσιόντων
867 2350 897 2414 δὲ
928 2353 1037 2429 πρῶτον
1066 2350 1123 2426 μὲν
1157 2349 1287 2412 οἰκοῦσιν
1317 2349 1349 2413 οιί
1376 2346 1507 2430 Ὦρονι,
1538 2350 1602 2426 62,

427 2461 469 2524 18
504 2457 575 2529 τοὺς
609 2456 666 2529 μὲν
707 2452 758 2517 ἐπὶ
800 2453 843 2519 τόν
885 2452 972 2528 δεξιόν
1011 2450 1164 2520 εἰσιόντων
1205 2450 1394 2533 ridenti&
1427 2456 1470 2518 35
1502 2450 1601 2520 ςοίδισι

425 2562 537 2628 είκοσιν
574 2561 638 2626 ἀπό
662 2567 719 2633 τῆς
745 2556 929 2636 Ὀλυμπίοις
962 2556 1047 2620 κοιτόο
1070 2557 1122 2622 τόν
1143 2555 1330 2636 ἱππόδρομον
1352 2556 1506 2622 ἀπιόντων
1526 2559 1600 2638 πρὸς

426 2664 482 2740 ἕω,
510 2677 542 2730 ct
572 2668 631 2745 71,
655 2671 676 2732 8
702 2666 733 2728 ἐν
759 2662 845 2745 δεξιᾷ
867 2661 924 2738 μὲν
950 2659 1102 2725 εἰσιόντων
1130 2658 1165 2722 οιί
1192 2669 1341 2738 γννοοῖκεο
1371 2662 1423 2726 τόν
1453 2669 1603 2743 κλιντῆροο

427 2770 605 2850 ἐπέλαβον,
636 2780 669 2834 ct
697 2771 760 2846 73,
796 2769 810 2828 1
848 2764 935 2829 κοοτά
963 2764 1019 2837 την
1046 2764 1120 2832 ςοόον
1150 2764 1204 2838 τὴν
1236 2765 1373 2830 ε’ντεύόεν
1401 2765 1540 2843 ἐξιόντων
1570 2768 1601 2832 ἕν

427 2875 567 2958 ἀριτερᾷ.
601 2897 683 2965 quae
703 2871 810 2942 omnia
830 2870 964 2960 perinde
985 2871 1097 2936 vitiosa
1120 2882 1200 2936 sunt.
1221 2875 1280 2946 25,
1309 2874 1350 2936 13
1369 2869 1418 2944 οὓς
1442 2872 1602 2951 μισεῖσόοιι

426 2980 531 3050 καλῶς
562 2975 669 3059 εἶχεν,
704 2977 748 3044 sic
777 2977 959 3066 sequiorcs,
994 2989 1028 3041 ut
1049 2976 1187 3043 Romani
1207 2976 1332 3055 solent,
1357 2988 1478 3044 veteres
1498 2982 1603 3056 μισεῖν

311 3110 318 3118 -
429 3080 588 3150 dixissent
609 3089 627 3170 §
648 3077 778 3173 'tuqui
798 3082 903 3163 πείρην
925 3081 1085 3147 scribebat
1105 3080 1234 3160 lonico,
1257 3105 1321 3150 non
1341 3094 1410 3149 crat
1430 3066 1608 3148 ad'riiod'un'i

428 3186 558 3252 lonicae
585 3188 714 3252 dialecti
741 3210 868 3280 gnarus.
915 3185 1101 3252 Istiusmodi
1122 3185 1286 3252 Graeculis
1305 3187 1604 3257 debentur'iormoe

427 3291 506 3370 μίη,
539 3293 701 3372 οὐδεμίην,
734 3293 822 3373 μοίρη
855 3292 924 3357 sim.
956 3292 987 3356 iu
1018 3291 1119 3359 codd.
1140 3291 1284 3358 nostris„
1311 3292 1400 3363 ldcm
1420 3293 1531 3360 sitium
1552 3303 1603 3356 cst

430 3400 489 3475 66,
514 3400 534 3463 7
561 3398 727 3477 μοὶκέλλην
759 3396 855 3478 ἔχων,
891 3397 977 3486 quod
1008 3410 1113 3465 tamen
1141 3409 1280 3464 sumtum
1310 3410 1356 3467 est
1377 3421 1413 3465 cx
1432 3397 1606 3464 Homerico

428 3502 521 3584 χερσὶ
542 3500 713 3583 μοίκελλοιν
734 3500 826 3584 ἔχων.
850 3508 868 3590 §
888 3506 932 3570 36
952 3505 1124 3584 ἀπροσδεῆ,
1145 3503 1190 3571 sic
1213 3503 1291 3569 alibi
1312 3505 1404 3582 ὑγιῆ,
1423 3505 1523 3584 εὐφυῆ
1544 3523 1605 3591 pro

427 3608 605 3688 ἀπροσδεά,
629 3606 726 3684 ὐγιᾷ,
752 3609 869 3687 εὐφυεῖ.
895 3611 953 3687 26,
972 3609 1346 3688 32περισκοπύσοοσόοοι,
1376 3620 1495 3678 veteres
1519 3631 1604 3688 περι-
1635 3606 1642 3620 “

428 3712 619 3791 culpandae.
648 3713 666 3794 §
701 3714 744 3776 34
774 3712 1064 3792 decarmoniam,
1101 3713 1177 3802 quia
1204 3713 1293 3780 solus
1318 3727 1384 3780 orat
1402 3726 1435 3780 et
1454 3714 1518 3780 suis
1538 3713 1606 3803 ipsc

428 3817 578 3882 munibus
603 3816 754 3905 scapham
774 3828 977 3909 compegerat
997 3819 1205 3896 ἕνουπίγησιι
1227 3818 1350 3884 dictum
1376 3819 1527 3910 oportuit.
1546 3820 1606 3900 28,

381 3993 385 4004 ,
431 3924 471 3986 12
503 3922 733 4001 διηγορευμένον
770 3924 801 3988 ἐν
837 3933 901 3995 τοῖς
938 3921 1059 4002 νόμοις,
1092 3922 1191 3988 Attici
1220 3924 1418 4009 διειρημένον,
1448 3937 1604 4014 utsupra

432 4025 638 4093 ostendimus.
685 4029 803 4094 Passim
823 4029 855 4094 in
878 4028 929 4094 his
952 4028 1123 4094 Lucullus
1144 4029 1273 4096 labitur.
1303 4034 1363 4108 29,
1389 4035 1431 4096 25
1451 4031 1607 4108 δεσπότας

431 4133 714 4212 κεχειροτονηκότες
734 4127 798 4223 pro'
812 4134 967 4215 ᾷρημόνοιε
994 4133 1103 4224 inepte
1120 4133 1238 4224 singuli
1255 4135 1406 4203 dicuntur
1422 4142 1608 4216 χειροτονεῖν

430 4234 513 4300 τινοί.
534 4241 551 4323 §
568 4241 608 4302 27
630 4240 740 4320 εὐηλίῳ
760 4239 813 4305 nal
832 4239 983 4319 εὐηνέμῳ,
1007 4239 1103 4304 Attici
1120 4241 1226 4322 εὐείλῳ
1242 4263 1300 4330 pro
1319 4242 1429 4324 εὐηλίῳ
1447 4241 1609 4306 dixissent.

434 4344 491 4420 32,
523 4345 566 4408 19
597 4344 744 4424 προλέγει
774 4346 871 4407 πάσιν
900 4345 939 4416 ὡς
969 4344 1183 4422 μοιντεόσετοιι
1210 4346 1224 4410 ό
1254 4348 1317 4418 dade
1344 4348 1386 4420 εἰς
1417 4349 1508 4428 ῥητόν
1534 4369 1605 4416 τινοι

434 4446 567 4527 ἡμέρων,
603 4448 713 4536 inepte
747 4458 784 4511 ut
813 4446 895 4512 nihil
925 4469 1021 4537 supra
1049 4447 1167 4515 dicitur
1187 4449 1255 4540 lpse
1275 4449 1359 4523 Deus
1378 4451 1611 4530 μοιντεύεσόοοι,

432 4573 491 4639 pro
509 4553 649 4632 oraculo
669 4551 782 4631 edere,
801 4575 876 4618 narn
897 4563 983 4618 rates
998 4554 1226 4636 μωντεύοντοοι,
1243 4555 1294 4619 Dii
1309 4564 1389 4636 χρῆν
1407 4567 1438 4622 ct
1459 4555 1611 4637 ίεσπίζσιν

433 4654 597 4722 dicuntur:
627 4656 737 4746 itaque
758 4656 772 4722 ό
797 4658 855 4736 μὲν
884 4657 1050 4726 Ἀπόλλων
1078 4670 1160 4744 χρᾷ,
1186 4664 1203 4738 ἡ
1230 4663 1261 4728 δὲ
1284 4663 1384 4728 Πυόίοο
1405 4662 1613 4742 μνοντεόετοιι.
