3767 5717
732 577 739 593 '
837 602 902 666 aas

284 801 350 868 vim
368 797 484 864 inierre
498 793 623 861 indicio
641 804 750 862 nestro
771 805 804 860 et
827 791 1001 864 certissima
1021 794 1221 874 convellere,
1244 809 1280 862 ut
1296 797 1382 871 nihil
1401 800 1454 866 isti

280 925 428 998 peccasse
457 900 634 968 rideantur.
680 897 859 965 Nrcmnao
886 897 920 964 in
945 908 1089 965 mentem
1112 899 1200 966 venit
1220 898 1327 968 dicere
1348 903 1454 970 δείδιθι

279 1008 437 1102 producta
459 1005 637 1097 penultima
660 1005 693 1070 in
716 1005 954 1096 Alexaplsarm.
979 1008 1054 1072 443.

412 1112 499 1179 ίίσσα
522 1113 560 1178 σὺ
584 1113 628 1191 μὴ
644 1110 770 1191 δείδιθι,
790 1110 900 1191 ’μέλειν
925 1111 957 1175 δὲ
979 1109 1121 1190 σιίμνιαν
1144 1113 1286 1194 ἀρωγῆς,

277 1217 365 1284 unde
392 1215 586 1308 praesidinm
615 1214 774 1282 laboranti
803 1215 932 1282 Bannto
961 1216 1141 1306 quaesitum
1168 1227 1231 1296 est,
1256 1216 1308 1283 cui
1328 1216 1451 1306 placuit

277 1323 416 1390 scribere
438 1323 504 1388 fab.
528 1325 586 1400 74,
612 1326 641 1387 2.

514 1423 638 1490 πίνναν
661 1423 830 1505 mytram·
854 1428 898 1506 μὴ
923 1425 1030 1501 δέδιθι,
1055 1427 1186 1510 σωθήσῃ.
1211 1456 1216 1466 ·

276 1531 334 1621 qui
362 1530 427 1596 loci
452 1552 516 1598 non
543 1529 762 1596 demonstrant
790 1531 880 1598 δέδι’θι
907 1531 990 1598 bena
1014 1531 1172 1600 Graecum
1192 1554 1274 1609 esse,
1298 1530 1353 1598 sed
1372 1540 1453 1622 pce-

277 1647 389 1702 tastros
421 1635 580 1726 sequiores
608 1635 705 1702 etiam
731 1636 765 1701 in
794 1633 875 1714 hcc,
910 1650 946 1703 ut
973 1637 1006 1703 in
1026 1636 1181 1704 sexcentis
1203 1637 1292 1717 aliis,
1314 1636 1452 1728 graviter

274 1741 453 1831 impegisse.
509 1742 581 1808 Non
616 1740 723 1808 minus
759 1753 806 1808 est
835 1741 984 1809 vitiosum
1018 1743 1107 1808 δέδιθι
1139 1739 1296 1832 producta
1325 1742 1451 1833 media,

275 1869 374 1938 quem
402 1848 429 1912 si
447 1847 581 1914 eandem
600 1848 634 1913 in
654 1846 741 1914 θιιιιθι
769 1848 865 1915 velles
886 1848 1082 1940 producere,
1105 1847 1193 1938 quod
1213 1847 1290 1914 facit
1309 1848 1451 1936 praecla-

273 1973 328 2018 rns
350 1957 450 2044 potita
465 1954 500 2019 in
522 1951 661 2019 Scholiis
685 1951 725 2018 ad
749 1953 931 2022 Lucretium
954 1978 986 2045 p.
1010 1957 1066 2020 60.

370 2085 375 2103 ι
399 2063 402 2070 ’
497 2057 594 2124 καλὸν
617 2057 653 2122 τὸ
677 2063 777 2136 petitos
799 2063 859 2124 τῶν
884 2059 958 2130 Διὸς
983 2062 1094 2140 χειρῶν
1117 2057 1210 2138 δθχιν

497 2160 584 2228 θίσιθι
607 2161 706 2228 σσίννν
730 2163 786 2228 σὺν
801 2163 894 2236 θεαῖς
918 2163 993 2246 πρὸς
1017 2163 1070 2228 σὸν
1093 2161 1202 2243 nepta.

273 2267 364 2338 Nihil
392 2268 477 2336 enim
507 2278 555 2334 est
581 2266 706 2334 certiu's'
729 2287 827 2358 quam
851 2267 885 2334 in
903 2267 1026 2347 δέδιμεν
1051 2264 1232 2354 (δείδιμεν),
1260 2262 1359 2330 δέδιτε
1380 2265 1454 2356 (δεί-

271 2375 370 2460 διτε),
402 2374 491 2460 δέδιθι
520 2371 667 2459 (δείδιθι),
701 2382 736 2438 ut
764 2373 797 2438 in
829 2369 966 2456 ἕςαμεν,
996 2369 1110 2447 isare,
1139 2367 1245 2440 έςαθι,
1278 2367 1452 2446 σέθναμεν,

271 2475 419 2548 σίθνατε,
441 2473 580 2546 τέθναθι.
605 2485 637 2538 et
655 2474 794 2540 ἐδέδισαν
809 2474 1005 2561 (ἐδείδισαν),
1022 2471 1163 2555 ἕσασαν,
1178 2469 1347 2535 ἐτέθνασαν
1366 2483 1399 2538 et
1417 2471 1451 2536 in

269 2577 438 2646 infinitivis
466 2575 619 2655 δειδίμεν,
653 2575 828 2662 τεθνάμεν,
851 2575 1013 2649 σεθννίναι,
1038 2573 1147 2644 ἐσιέναι
1169 2572 1363 2662 penultimas
1384 2597 1452 2642 esse

269 2697 384 2752 natura
415 2691 576 2770 correptas
605 2701 711 2771 neque
739 2679 927 2749 ullomodo
950 2677 1085 2769 produci
1104 2701 1217 2767 posse,
1241 2679 1452 2768 quemadmo-

258 2789 350 2854 .dnm
380 2787 458 2852 item
487 2797 611 2855 constat
630 2809 667 2852 ea
688 2785 794 2852 omnia
815 2785 900 2876 apud
921 2796 1042 2852 veteres
1061 2791 1175 2874 potetas
1194 2806 1320 2874 semper
1339 2785 1450 2852 brevia

262 2916 354 2974 esse,
376 2905 412 2958 ut
434 2891 519 2983 apud
544 2891 734 2960 Ronanus
1184 2954 1189 2960 .

405 2997 504 3076 ,μηδὲ
527 2997 566 3062 σθ
589 3000 623 3077 γ’
643 2999 748 3079 ’Ἅννα
770 2997 841 3064 τθδε
861 2996 967 3064 δείδιθι
991 2997 1074 3076 μέτε
1097 2999 1156 3063 τιν’
1179 2996 1288 3071 ἄλλον.

333 3110 337 3118 ’
396 3139 401 3172 ,·
424 3101 503 3184 Ἥρα
526 3102 610 3181 αἰίτε
633 3105 705 3170 θεῶν
728 3100 765 3167 σθ
787 3126 827 3181 γε
850 3101 954 3168 δείδιθι
976 3102 1060 3180 μήτε
1081 3103 1140 3166 τιν’
1164 3102 1288 3182 ἀνδρῶν.

312 3239 331 3264 ·‹
407 3205 631 3287 ;θιίρσει’μιιδε’
655 3230 686 3272 τι
710 3204 838 3288 stoicamv
852 3205 938 3286 μετὰ
962 3205 1055 3288 φρεσί
1079 3203 1181 3272 δειδιθι
1206 3205 1286 3280 λίην.

261 3323 301 3381 ‚et
319 3309 412 3402 apud
438 3311 714 3386 Anrsrcsnanmr:
774 3340 777 3350 ·
875 3351 879 3360 ·

362 3425 366 3434 ’
425 3451 450 3494 ῃ
490 3417 601 3496 μηδὲν,
626 3414 725 3492 ὦσαν,
751 3418 840 3484 δέδιθι
864 3416 971 3496 μηδὲν.

264 3582 268 3591 ,
477 3520 543 3590 ,καί
569 3521 613 3600 μὴ
637 3519 743 3598 δέδιθ’,
768 3523 800 3584 οὐ
826 3517 888 3601 reip
912 3521 976 3586 ε’ςιν
998 3517 1221 3600 ἐξῃκασμένος.

266 3635 348 3715 quae
375 3623 527 3714 leguntur
552 3622 585 3690 in
608 3623 711 3694 Iliad.
730 3631 767 3687 E.
789 3627 865 3690 827.
888 3630 921 3689 Ξ.
947 3625 1023 3687 342.
1052 3619 1175 3708 Odyss.
1198 3632 1237 3686 Δ.
1260 3623 1336 3686 825.
1355 3622 1393 3688 V
1391 3645 1443 3687 es·

258 3731 322 3820 pic
347 3733 433 3806 373,
465 3726 599 3816 Equiti.
621 3730 708 3806 230,
732 3727 848 3817 quibus
868 3726 970 3792 multa
990 3725 1107 3817 passim
1124 3725 1240 3792 similia
1260 3742 1442 3797 occurrunt.

265 3830 350 3914 Quid
377 3832 475 3922 igitur
504 3831 683 3904 Nscmnao
702 3844 734 3897 et
754 3833 883 3898 Branro
904 3831 1082 3899 faciemus?
1130 3830 1224 3920 Lapsi
1243 3844 1334 3910 sunt,
1357 3857 1442 3915 erra-

262 3947 353 4015 runt,
370 3937 441 4005 dari.
458 3938 548 4014 renis
566 3950 671 4030 potest
690 3937 747 4006 scd
765 3937 809 4004 ita
827 3949 862 4003 ut
882 3955 1029 4028 peccasse
1047 3961 1080 4003 se
1098 3937 1275 4017 fateantur,
1294 3951 1326 4004 et
1342 3941 1440 4008 absti-

262 4041 406 4110 nendum
435 4044 495 4112 erit
524 4045 659 4136 posthac
690 4065 801 4112 eorum
832 4044 1037 4122 testimoniis,
1070 4067 1151 4133 quos
1180 4045 1362 4133 saepissime
1395 4047 1439 4111 sic

261 4148 440 4238 impegisse,
456 4151 624 4224 constabit.
671 4151 718 4228 De
745 4151 878 4216 caeteris
906 4151 1006 4229 vitiis,
1029 4151 1148 4241 quibus
1167 4149 1346 4216 Nrcannrn
1364 4175 1437 4218 cae·

262 4251 387 4341 serique
414 4253 448 4328 id
466 4270 573 4344 ¹genus
599 4264 713 4346 petitae
734 4257 900 4348 antiquam
914 4257 1064 4346 ‘linguam
1088 4256 1230 4322 Ionicam
1251 4270 1284 4322 et
1303 4257 1436 4348 Epicam
1522 4274 1528 4282 '

206 4355 215 4364 '
263 4361 538 4447 contaminarunt,
562 4368 668 4464 sieque
691 4369 994 4460 prosodiae'reteris
1013 4369 1154 4446 inscitia,
1178 4390 1260 4457 quae
1280 4370 1365 4458 apud
1385 4393 1439 4434 eos

261 4489 371 4560 ¹omnes
400 4485 547 4564 apparet,
579 4474 612 4540 in
643 4476 749 4542 animo
777 4488 824 4542 est
843 4475 1032 4567 propediem
1053 4497 1151 4574 quem
1169 4485 1282 4563 potero
1300 4472 1439 4562 diligen·

262 4573 380 4648 tissime
399 4579 554 4658 scribere,
578 4601 665 4646 nunc
684 4577 748 4654 ἶσος
771 4594 896 4648 tantum
918 4583 1091 4670 attingam,
1115 4579 1156 4644 de
1179 4578 1269 4644 cuius
1288 4578 1438 4655 rocabnli
1462 4651 1468 4663 .

263 4681 439 4785 quantitate
456 4683 537 4754 mihi
557 4707 631 4754 cum
650 4686 820 4756 Murrus
839 4711 904 4755 non
923 4687 1097 4765 convenite
1110 4687 1201 4753 cuius
1221 4683 1293 4754 ride
1309 4683 1438 4752 Vindi-

1199 4804 1228 4842 28
