3767 5717
986 635 1052 700 380

429 832 509 896 tium
529 829 772 919 scripturarum,
798 826 871 894 vide
891 827 931 892 ad
955 825 1136 894 Locutus
1155 817 1223 908 20,
1237 833 1270 897 9.
1309 830 1395 896 Hinc
1414 829 1619 898 Mrssnono

431 934 686 1002 subveniendum
708 934 794 1025 apud
813 933 913 1000 Prur.
933 932 976 998 de
985 935 1151 1022 fratemo
1168 957 1282 1000 amore
1300 959 1333 1026 p.
1353 938 1419 1002 479
1438 954 1473 1003 n.

610 1043 664 1106 οὐκ
688 1043 722 1105 ἐκ
746 1046 846 1106 ποτῶν
870 1040 922 1105 sci
948 1040 1004 1112 τῆς
1028 1041 1098 1104 καθ’
1121 1039 1239 1120 ἡμέραν
1262 1030 1383 1122 speeie

611 1146 780 1227 ζητοῦμεν,
805 1137 826 1225 ᾧ
850 1143 1039 1222 πιςεθοομεν
1061 1144 1105 1209 πά
1128 1149 1183 1209 ποῦ
1207 1145 1294 1222 βίον,

609 1248 728 1331 croisum
752 1245 787 1314 οὗ
809 1249 953 1329 περιττὸν
976 1247 1050 1312 οἴετ’
1075 1248 1269 1328 ἐξευρηκέναι

612 1353 732 1430 ἀγαθὸν
756 1350 868 1440 iussos
892 1349 931 1416 ἀν
955 1349 1016 1434 ἔχη
1036 1351 1133 1433 Φθλον
1157 1351 1260 1416 οιιιάν.

435 1462 517 1529 nihil
535 1458 652 1526 certius
671 1480 768 1549 quam
790 1456 1040 1523 emendandumt
1065 1459 1099 1522 οὐ
1120 1458 1263 1537 περιττὸν
1278 1454 1444 1532 -οιιιάν;
1470 1457 1621 1545 111517.

432 1568 546 1634 inrisos
576 1568 608 1632 δὲ
638 1566 671 1632 πθ
685 1567 846 1648 ,φήσομεν
876 1563 975 1629 cirros
1006 1558 1084 1628 sium
1112 1567 1168 1627 ποῦ
1201 1561 1355 1634 πάντιις
1382 1562 1529 1630 εἰδέναι
1561 1562 1616 1631 ἔτι

433 1674 495 1750 ἐγὼ
522 1669 616 1747 η’κιςιι
638 1669 744 1751 ἔχοιμι
767 1669 925 1750 xoium
950 1666 1153 1751 ἀντιδιδόναι,
1180 1664 1263 1744 ὅμως
1287 1668 1423 1740 πολλοὺς
1449 1671 1618 1750 ἐπιθυμεῖν

433 1775 503 1854 ἐμοί
527 1799 557 1839 τι
582 1775 758 1855 cessissem
793 1773 959 1862 Nusquam
979 1784 1011 1837 te
1031 1794 1069 1836 ex
1090 1770 1246 1836 hocloco
1267 1772 1415 1862 expedies
1435 1773 1539 1841 donec
1558 1800 1619 1868 re-

434 1880 593 1970 scripseris
619 1878 745 1945 πάνποιν
778 1877 903 1944 εἰδότων·
927 1901 1128 1968 quamquam
1149 1882 1405 1954 sciunt'omnes.
1448 1878 1486 1944 In
1514 1883 1615 1964 §20.

433 1993 546 2052 τοῦτο
584 1983 647 2064 γάρ
676 1982 780 2047 issem
813 1981 880 2060 ἐμοὶ
916 1981 1114 2062 μεμεληκός,
1149 1981 1271 2071 corrige
1296 1984 1418 2062 τούτου.
1460 1984 1498 2050 In
1516 1989 1533 2071 §
1554 1990 1616 2051 22.

437 2091 521 2169 μήτε
547 2086 615 2167 περὶ
643 2087 725 2158 θεοὺς
750 2086 948 2163 destitisses
976 2087 1059 2164 μήτε
1086 2087 1155 2169 περὶ
1179 2088 1351 2168 ἀνθρώπους
1375 2088 1481 2162 dirutos
1497 2096 1619 2172 Φοινῆ-

437 2218 503 2268 νοιι,
529 2191 702 2258 rectissime
722 2189 890 2257 [diuscule
909 2192 1043 2269 ἀσεβής.
1085 2190 1123 2258 In
1145 2195 1164 2277 §
1186 2195 1240 2259 24.·
1262 2191 1329 2270 ἐμοὶ
1353 2193 1385 2258 δὲ
1406 2193 1442 2260 ’πί’
1455 2197 1618 2274 ,προσήκει

434 2303 485 2362 νῦν
505 2305 591 2376 μεῖον
615 2300 737 2378 φρονεῖν
757 2293 773 2370 ἢ
799 2293 870 2374 πρὶν
893 2296 1116 2375 κοιποιιοριθῆνοιι
1139 2298 1235 2375 μηδὲν
1260 2297 1447 2376 ἐλεγχθέντι
1476 2298 1529 2385 [dc
1556 2325 1618 2365 πε-

433 2399 550 2476 ποίηκά
578 2399 623 2487 τι]
653 2395 691 2464 ὧν
720 2395 888 2479 ε’γράψιιπθ
916 2423 970 2475 με.
1022 2399 1141 2490 Ecquis
1169 2412 1232 2478 est,
1258 2402 1376 2490 quide
1398 2402 1616 2478 constumias

435 2505 551 2572 serrari
580 2527 672 2596 posse
700 2513 792 2594 putat
821 2513 853 2566 et
884 2504 1045 2584 θλέγχθην
1068 2507 1107 2578 ὡς
1134 2506 1291 2582 πεποίηκά
1317 2529 1348 2570 τι
1380 2505 1463 2574 bene
1493 2507 1619 2575 Graece

437 2611 559 2677 dictum
586 2610 677 2676 esse?
725 2608 763 2674 In
792 2611 885 2694 §25.
909 2608 1012 2690 ε’φάνη
1038 2610 1111 2688 ὑμῖν
1143 2611 1227 2699 [τοῦ]
1253 2610 1387 2679 θοινάτιν
1413 2611 1501 2694 ἔργον
1517 2613 1617 2692 ,ἀξιον

437 2717 505 2796 ἐμοὶ
539 2714 753 2796 εἰργασμένον.
800 2711 919 2780 Graece
949 2713 1068 2780 dicitur
1095 2714 1257 2796 εἰργάοθοιι
1292 2723 1441 2795 πληγῶν,
1473 2719 1618 2797 δεσμῶν,

438 2827 567 2904 Φυλῆς,
591 2819 724 2886 θοννάνον
743 2818 821 2897 ἀξιον
842 2831 875 2886 et
893 2826 1041 2900 πληγῶν,
1066 2821 1206 2900 δεσμῶν,
1229 2825 1354 2902 Φνγῆς,
1377 2821 1512 2888 θιινάνον
1528 2822 1617 2902 ἀξιος

438 2939 471 2992 et
492 2927 623 2999 θάνοοπος
650 2935 753 2992 κεῖνοι
781 2924 1003 3013 (ἐπίκοινον)νὶ
1028 2925 1145 3008 ζημθοι,
1171 2938 1203 2992 et
1228 2924 1358 2998 θάνοιπος
1390 2929 1488 2992 edroi
1517 2953 1615 2994 κοινε-

438 3032 574 3112 γνώσθηε
599 3028 682 3096 nihil
701 3028 818 3096 horum
838 3030 1010 3097 articulum
1028 3030 1173 3098 admittit
1189 3043 1223 3096 et
1243 3031 1276 3096 in
1295 3033 1432 3098 maxima
1449 3034 1617 3124 exemplo-

439 3159 521 3206 rum¹
537 3137 629 3226 copia
649 3157 808 3225 nusquam
832 3135 864 3199 in
887 3134 936 3200 his
956 3147 989 3200 et
1007 3136 1165 3204 similibus
1185 3137 1340 3204 articulus
1362 3150 1505 3228 apparet.
1549 3138 1619 3206 lta-

441 3263 504 3330 que
523 3240 636 3306 eadem
657 3261 752 3330 opera
771 3238 893 3326 corrige
911 3240 945 3304 iu
964 3243 981 3324 §
1005 3243 1058 3304 27.
1082 3241 1115 3305 ον’
1130 3246 1241 3316 τοῦπος
1265 3243 1364 3308 εἰπεῖν
1380 3245 1488 3320 αὐτὸν,
1505 3243 1524 3317 ἢ
1541 3243 1618 3324 ἀντι

439 3344 608 3424 caupona
641 3346 673 3409 οὐ
706 3345 768 3424 γάρ
800 3342 903 3408 πάλοοι
933 3343 981 3432 iss
1004 3341 1050 3410 ὅτι
1077 3344 1112 3421 ἐξ
1137 3340 1265 3426 ὅπουπερ
1293 3344 1445 3423 ἐγενόμην
1472 3354 1616 3428 κοιπεψη-

440 3447 592 3531 φισμένος
613 3441 647 3522 ἦν
670 3440 730 3527 μιν
756 3448 895 3521 ὑπὸτῆς
921 3448 1047 3529 φύσεως
1073 3449 1116 3536 [ὁ]
1141 3447 1292 3523 ivissem
1319 3441 1482 3538 praeterea
1501 3451 1534 3516 in
1552 3450 1616 3519 hoc

443 3554 516 3621 loeo
545 3575 690 3642 expunge
719 3551 735 3626 ἦ
762 3550 795 3616 in
820 3552 837 3628 ἢ
859 3543 928 3634 ἀρνι
950 3553 1119 3635 despicus,
1152 3577 1240 3619 nunc
1251 3557 1404 3653 Rrimum
1420 3555 1551 3645 fletis?
1582 3571 1618 3625 ut

443 3659 514 3740 ἀρτι
537 3655 682 3737 μονθάνω
703 3666 736 3720 et
755 3655 825 3722 sim.
873 3654 997 3722 Deinde
1016 3657 1151 3746 requirit
1173 3659 1330 3725 sententia
1353 3661 1417 3726 loci
1437 3674 1470 3727 et
1489 3666 1618 3755 opposi-

444 3763 540 3832 tionis
562 3762 656 3828 ratio:
681 3785 786 3828 nonne
808 3761 931 3826 dudum
952 3763 1130 3840 sciebatis,
1153 3764 1362 3862 quamobrem
1383 3770 1618 3857 prosdocimi

443 3871 493 3940 iss
513 3864 690 3936 revocanda
710 3877 756 3932 est
777 3877 865 3930 retus
887 3864 994 3930 Attica
1015 3866 1118 3932 forma
1138 3864 1204 3949 ᾖςε.
1255 3868 1464 3939 Athenienses
1485 3874 1563 3940 olim
1585 3889 1621 3942 ut

444 3977 553 4054 ἴσμεν,
578 3975 627 4042 iss
652 3979 684 4038 et
704 3973 825 4046 θονοιν,
844 3972 889 4037 ita
908 3969 1024 4054 ᾖσμεν,
1049 3969 1105 4054 iss
1129 3984 1162 4037 et
1182 3969 1261 4055 ᾖοοιν
1290 3976 1434 4044 solebant
1459 3976 1567 4045 dicere
1587 3994 1620 4047 et

446 4089 620 4162 σννηομεν,
647 4086 758 4159 rustes
779 4088 812 4141 et
830 4085 978 4158 οννῇσοιν.
1027 4076 1092 4144 Has
1120 4077 1238 4155 formas
1263 4081 1385 4152 scribae
1410 4083 1562 4152 radicitus
1582 4111 1620 4155 ex

446 4185 597 4249 Veterum
618 4181 741 4271 scriptis
759 4180 972 4272 extirparunt,
988 4194 1027 4247 ut
1042 4185 1154 4250 nullus
1172 4187 1308 4274 supersit
1322 4187 1428 4266 locus,
1447 4189 1506 4256 ubi
1522 4195 1623 4260 nostri

448 4285 582 4358 Codices
612 4289 667 4354 has
698 4288 835 4354 sinceras
860 4288 1033 4377 scripturas
1053 4288 1188 4355 intactas
1207 4304 1344 4359 serrant.
1387 4292 1425 4358 In
1453 4294 1621 4366 Poetarum

446 4398 525 4464 locis
554 4397 640 4462 fraus
669 4393 866 4484 deprehensa
893 4405 940 4458 est
967 4407 999 4459 et
1025 4395 1312 4462 Grammaticorum
1332 4398 1514 4466 testimonia
1535 4425 1623 4470 veras

446 4504 601 4570 lectiones
617 4501 809 4568 serrantium
826 4522 892 4564 rem
909 4500 1095 4566 conficiunt.
1121 4500 1299 4593 Proponam
1313 4505 1457 4594 exempla
1468 4507 1624 4594 quaedam

449 4633 467 4674 a
496 4610 657 4676 Prunsoro
688 4605 727 4672 ad
759 4606 903 4672 Mosmo.
929 4629 960 4695 p.
986 4610 1049 4674 174
1075 4597 1254 4676 emendata,
1300 4609 1338 4675 tn
1359 4611 1535 4680 dumrmrs
1552 4613 1623 4680 He-

449 4715 531 4814 cube
556 4739 598 4782 rs.
625 4717 711 4781 1119
735 4735 822 4779 nunc
846 4724 931 4780 recte
956 4711 1087 4802 legiturs

617 4833 622 4840 “
729 4824 747 4862 0
