3767 5717
960 620 1026 686 est

416 817 491 884 ἀλλ’
517 812 531 880 ὑ
554 815 612 894 μὲν
635 811 709 892 ἀνὴρ
735 805 785 876 Aba
811 810 938 892 κνδρὺς
963 814 1002 884 ὥς
1029 811 1120 892 με’γα
1140 839 1171 880 τι
1192 814 1246 880 sol
1268 815 1364 881 καλὸν
1389 815 1604 907 ὑιαπεπραγ·

416 924 517 1004 μένος.
551 917 663 1000 ucula
684 915 724 982 ah
746 913 925 980 Atticorum
944 938 1004 981 usu
1022 916 1187 984 abhorret:
1208 919 1315 1009 potuit
1330 919 1393 986 hoc
1409 919 1603 988 xerornon

418 1028 450 1093 in
482 1026 573 1092 lunia
602 1021 758 1088 audivisse
787 1031 819 1086 et
849 1020 1053 1110 imprudens,
1082 1034 1118 1087 nt
1145 1024 1248 1089 multa
1275 1025 1355 1104 alia,
1386 1025 1601 1091 admiscuisse

418 1133 551 1212 Atticis,
585 1142 621 1195 ut
645 1129 678 1194 in
709 1128 794 1194 libro
819 1128 861 1193 de
886 1149 925 1192 re
952 1132 1103 1217 equestri
1122 1127 1160 1196 X.
1187 1134 1237 1196 16.
1257 1118 1353 1212 κνδρῷ
1378 1132 1597 1215 τῷίσχήματι

416 1241 644 1320 γανριώμενος,
680 1245 712 1300 at
742 1227 907 1299 Socratem
935 1232 980 1298 ita
1004 1233 1193 1322 loquentem
1217 1234 1337 1301 fecisse'
1356 1257 1420 1300 non
1445 1236 1600 1303 arbitror.

417 1341 588 1408 Sroutuus
612 1337 647 1404 in
673 1339 793 1406 Flos-tt.
823 1338 895 1410 tlt.
925 1343 967 1405 75
997 1339 1075 1428 legit
1094 1365 1133 1418 γε
1154 1340 1277 1422 κυδρός,
1303 1340 1452 1430 equidem
1473 1342 1593 1424 γανρὺς

415 1448 584 1537 antiquam
608 1445 778 1512 lectionem
805 1445 949 1535 suspicor
976 1443 1082 1510 luisse.
1130 1444 1168 1510 ln
1195 1445 1312 1531 §315
1340 1444 1497 1517 νεανίσκος
1519 1445 1595 1511 οὔτε

418 1563 457 1635 τῇ
484 1553 622 1640 [ἑαυτοῦ]
648 1550 737 1617 πόλει
760 1549 830 1615 οὔτε
851 1557 915 1622 τοῖς
942 1547 1047 1631 φίλαις
1072 1551 1143 1617 νὺτε
1168 1552 1251 1630 αὑτῷ
1277 1548 1363 1626 ἄξιος
1385 1548 1502 1620 οὐδενὸς
1521 1548 1596 1627 ἐγέ-

419 1681 506 1737 νετο,
532 1657 641 1747 inepte
660 1667 692 1721 et
712 1666 823 1720 contra
846 1655 989 1720 omniurn
1009 1677 1100 1720 usum
1120 1655 1262 1721 abundat
1283 1655 1406 1719 ἑαυτοῦ.
1451 1652 1490 1718 ln
1511 1656 1530 1738 §
1549 1658 1595 1720 32

418 1761 614 1841 ἐπαγόμενος
649 1760 871 1849 corrigendum
907 1773 956 1825 est
988 1759 1021 1822 in
1053 1759 1316 1839 ἐπαγαγόμενος,
1346 1758 1379 1822 in
1408 1760 1427 1843 §
1455 1762 1498 1823 33
1520 1759 1594 1848 lege

419 1866 497 1945 ἔγνω
524 1873 662 1946 κρεῖσσον
688 1863 725 1930 ῖν
753 1888 812 1954 pro
838 1861 939 1939 εἶναις
964 1864 1106 1955 denique
1129 1864 1164 1931 iu
1185 1868 1202 1951 §
1223 1869 1277 1930 34.
1299 1865 1361 1942 ἕγὺ
1384 1865 1442 1942 μὲν
1467 1865 1502 1938 δὴ
1521 1864 1595 1930 οὔτε

419 1971 463 2048 μὴ
489 1970 666 2047 μεμνῆσθαι
692 1969 834 2048 δὺναμαι-
853 1971 950 2034 αὑτοῦ
974 1970 1045 2035 οὔτε
1068 1970 1264 2049 μεμνημένας
1289 1970 1335 2047 μὴ
1357 1971 1412 2032 οὐκ
1433 1969 1594 2044 ἐπαινεῖν,

420 2073 492 2164 quis
515 2073 696 2140 admonitus
721 2072 883 2139 dubitabit
906 2075 951 2153 pla
974 2077 1007 2139 οὑ
1032 2077 1210 2155 μεμνῆσθαι
1235 2070 1401 2163 recipere?
1505 2108 1507 2110 ·

468 2180 598 2245 Faciam
623 2181 720 2244 finem
744 2179 777 2244 in
797 2179 870 2245 loco
890 2179 1124 2246 Deuosrrrmus
1144 2178 1187 2244 de
1203 2179 1244 2246 F.
1265 2179 1304 2246 L.
1325 2181 1344 2264 s
1363 2181 1439 2245 314.
1459 2202 1490 2269 p.
1512 2181 1599 2258 429,

420 2289 474 2353 22.
502 2287 535 2350 οὑ
573 2284 672 2351 τοίνυν
705 2285 749 2349 τα
782 2283 886 2350 πνὺλαι
919 2283 958 2348 ἄν
987 2307 1035 2358 τις
1064 2284 1132 2364 ἔχει
1157 2283 1247 2363 μόνον
1270 2286 1519 2350 εἰπεῖν-ἀλλ’
1541 2287 1596 2368 ἐφ’

421 2393 504 2470 ὑμῶν
532 2389 659 2456 τουτωνὶ
685 2393 744 2454 τῶν
769 2387 814 2454 ἔτι
841 2387 958 2471 ζώντων
978 2389 1140 2470 ἀνθρώπων
1163 2389 1274 2454 πολλοὶ
1298 2388 1384 2464 δίκην
1406 2388 1598 2464 δεδώκασιν,

421 2498 544 2586 inquo
574 2495 639 2560 duo
669 2494 779 2568 insunt
809 2493 894 2560 vitia.
940 2495 1002 2560 Pro
1033 2494 1160 2577 παλαι,
1189 2493 1276 2585 quod
1301 2493 1367 2558 duo
1388 2494 1503 2584 optimi
1523 2495 1602 2561 libri

423 2611 566 2678 serrant,
599 2599 716 2664 caeteri
745 2621 855 2664 omnes
884 2597 1013 2663 παλαια
1044 2596 1205 2664 exhibent.
1252 2598 1371 2665 Verum
1394 2608 1601 2680 estTAltA-

423 2712 635 2771 AAIANTIC
658 2702 713 2770 sed
735 2702 942 2769 scribendum
964 2715 1048 2769 erate
1071 2703 1115 2767 τα
1136 2703 1253 2768 παλαί’
1275 2702 1315 2768 νῖν
1332 2698 1400 2783 τις,
1423 2726 1498 2772 narn
1517 2707 1601 2774 dici-

422 2823 474 2876 tur
498 2813 523 2875 ol
552 2808 656 2875 παλαι
686 2808 740 2875 sed
769 2809 812 2873 τα
842 2807 946 2873 παλαι
969 2808 1126 2887 γενόμενα
1146 2821 1202 2874 aut
1224 2809 1269 2876 rol
1289 2810 1430 2876 παλαιαὶ.
1476 2811 1602 2882 Deinde

423 2915 494 3007 quis
510 2927 563 2980 est
582 2913 638 3004 qui
659 2937 724 2979 non
746 2912 850 2978 statim
873 2912 1033 3001 intelligat
1051 2912 1084 2978 iu
1109 2914 1199 2993 ὑμεῖς
1225 2914 1319 2979 οὑτνιῖ
1348 2915 1388 3001 [oi
1413 2913 1459 2980 ἔτι
1487 2919 1598 3001 ζῶντες

423 3021 586 3109 ἄνθρωποι]
620 3019 794 3086 absurdum
824 3017 1078 3084 additamentum
1108 3019 1238 3086 teneri?
1273 3041 1345 3085 nam
1375 3043 1480 3111 neque
1509 3025 1600 3103 ὑμεῖς

426 3127 530 3197 solum
552 3137 616 3190 tam
636 3125 789 3190 insulsam
811 3122 997 3212 epexegesis
1018 3122 1195 3188 admisisset
1215 3139 1247 3192 et
1267 3125 1371 3190 multo
1391 3127 1490 3217 magis
1509 3130 1600 3206 ὑμεῖς

424 3233 521 3297 εὑτοιῖ
540 3227 591 3295 rel
614 3230 703 3307 ὑμεῖς
733 3227 795 3293 οἵδε
819 3227 940 3316 respuit
964 3227 1124 3293 emblema
1147 3230 1172 3292 ol
1196 3228 1242 3294 ἔτι
1266 3231 1377 3312 ζῶντες
1401 3231 1556 3313 ἄνθρωποι.

473 3334 522 3399 Ad
543 3357 614 3426 pag.
636 3337 711 3399 330.
727 3333 857 3411 πλνγὺις
876 3332 1066 3410 ε’πιβιὺλλειν
1084 3332 1172 3422 quod
1189 3346 1236 3398 est
1252 3335 1337 3424 apud
1354 3330 1603 3405 thuuuuouttn

426 3441 467 3508 de
495 3439 580 3532 Bep.
611 3438 808 3504 lacedaem.
838 3435 879 3502 ll.
908 3439 940 3502 8.
968 3436 1002 3502 τί
1032 3437 1112 3511 δῆτα
1144 3437 1229 3518 εῖπεμ
1251 3439 1286 3502 τὸ
1311 3441 1459 3506 κλέπτειν
1481 3444 1602 3522 ἀγαθὸν

428 3546 548 3630 ἐνόμιζε
580 3545 704 3618 πολλοῖς
736 3542 866 3622 πληγαῖς
899 3542 1044 3621 ἐπέβαλε
1072 3544 1115 3625 τῷ
1141 3542 1351 3625 ὑλιπκνμὲνῳ,
1377 3560 1508 3614 nonest
1528 3571 1602 3618 curn

429 3653 560 3732 πλνγὺς
592 3648 770 3729 ἐμβάλλειν
800 3645 1085 3725 confundendum,
1114 3659 1148 3712 et
1171 3648 1268 3713 nauci
1295 3672 1359 3747 non
1381 3663 1428 3717 est
1447 3655 1602 3744 scriptura

429 3757 584 3836 ἐνέβαλε,
611 3778 693 3846 quae
717 3767 764 3822 est
787 3755 821 3819 in
841 3777 906 3820 uno
926 3752 1038 3819 codice
1062 3751 1215 3820 Sruutttt
1261 3752 1390 3822 Dictum
1412 3769 1459 3822 est
1480 3771 1515 3823 ut
1536 3762 1604 3826 ε’πι-

431 3860 568 3942 βαὺλλειν
591 3861 705 3944 ζνμιάν
731 3861 771 3926 de
794 3861 894 3927 latore
918 3859 998 3948 legis
1020 3882 1160 3948 poenam
1184 3858 1268 3925 hanc
1291 3863 1517 3930 constituente

480 3967 529 4034 td
552 3991 626 4058 pag.
654 3971 730 4035 345.
767 3966 855 4050 Quae
879 3967 912 4031 in
935 3965 1177 4032 Atheniensium
1199 3966 1453 4058 Antiquitatibus
1471 3981 1519 4037 est
1539 3971 1605 4040 Lu·

433 4091 527 4139 citur
548 4074 741 4155 νῖνυμλογῖα
767 4084 799 4138 et
825 4072 1036 4162 negligentia,
1059 4070 1170 4136 eadem
1187 4085 1320 4162 apparet
1332 4062 1422 4164 'apud
1445 4076 1604 4166 nequiores

434 4201 562 4257 omues,
587 4179 643 4269 qui
670 4177 834 4244 historiam
866 4176 1108 4243 Atheniensium
1135 4189 1259 4242 autres
1284 4177 1404 4246 Atticas
1423 4180 1606 4250 describunt

435 4297 491 4354 aut
517 4295 779 4350 commemorant.
826 4281 927 4374 Saepe
954 4282 987 4347 id
1014 4283 1046 4346 iu
1067 4281 1273 4349 Promona
1293 4283 1426 4351 miratus
1444 4309 1530 4368 snm,
1554 4292 1609 4379 qui

435 4413 629 4483 quamquam
650 4388 708 4454 diu
726 4402 758 4455 et
776 4389 914 4456 multum
931 4388 964 4453 in
983 4388 1047 4453 illis
1063 4388 1158 4454 rebus
1173 4401 1315 4454 versatus
1330 4402 1376 4455 est
1392 4402 1424 4456 et
1440 4391 1608 4484 diligenter

440 4499 562 4566 Atticos
593 4497 760 4587 scriptores
788 4496 894 4575 trinit,
926 4507 959 4560 et
984 4494 1052 4584 ipsa
1072 4493 1279 4584 Antiquitatis
1299 4510 1505 4564 monumenta
1525 4501 1607 4568 etin

438 4605 489 4672 his
507 4597 660 4670 ustrou
673 4603 876 4687 ψηφίσματα
886 4601 999 4668 sedulo
1010 4600 1175 4679 adhibuit,
1189 4612 1295 4668 tamen
1307 4603 1471 4693 antiquam
1483 4605 1610 4674 dicendi

441 4707 705 4780 consuetudinem
727 4721 759 4776 et
782 4720 935 4800 concepta
957 4707 1054 4775 rerba
1075 4718 1106 4774 et
1126 4721 1323 4777 constantem
1345 4731 1436 4778 usum
1456 4711 1609 4803 loquendi
