3767 5717
857 605 919 672 123

291 771 461 848 summurn
482 779 611 859 virum,
635 777 918 872 incomparabilem
941 779 976 846 in
1002 779 1094 859 aliis,
1126 781 1160 846 in
1182 777 1265 846 hanc
1288 777 1482 867 palaestram

296 886 483 974 imperitum
510 882 704 952 descendere
730 892 764 954 et
788 887 993 967 ἀσχημονεῖν.
1021 885 1075 952 κα)
1099 888 1132 952 α’
1151 885 1308 962 deuotione
1335 884 1485 954 inlibris

297 989 398 1058 luisse
424 997 567 1078 apparet.
599 989 762 1056 ‘llicerem
784 1001 805 1057 'e
824 989 997 1056 scholiasta
1017 989 1166 1058 amians
1189 987 1281 1056 adh.
1305 988 1326 1056 l.
1347 989 1417 1080 (ubi
1436 999 1485 1059 est

296 1096 360 1164 alio
378 1115 489 1164 errore
515 1102 631 1179 πρῶτος
651 1093 823 1184 inrisae)
845 1113 1001 1182 apparere
1029 1096 1075 1164 ita
1098 1093 1175 1162 olim
1194 1094 1228 1160 in
1250 1093 1343 1162 libris
1365 1093 1485 1174 luisse,

297 1201 362 1272 uisi
384 1199 446 1268 hoc
466 1209 552 1270 esset
573 1200 740 1268 lucernam
761 1198 936 1268 accendere
960 1207 997 1266 nt
1017 1199 1116 1270 alicui
1144 1198 1244 1268 solem
1267 1198 1427 1268 ostendas.

341 1305 495 1393 Suspicor
518 1305 653 1373 eandem
674 1302 779 1371 labem
802 1305 906 1372 inesse
937 1305 972 1370 in
1005 1304 1112 1374 verbis
1134 1303 1233 1391 legis,
1263 1321 1362 1390 quam
1385 1303 1486 1374 Drno·

297 1431 432 1478 sames
459 1409 554 1479 affert
578 1411 612 1476 in
630 1398 841 1476 Aristocraten
858 1429 891 1496 p.
912 1412 1001 1489 629,
1029 1414 1083 1478 21.
1098 1401 1151 1485 ¹cic
1175 1409 1207 1476 ἐν
1228 1405 1314 1486 ἄξονι
1344 1409 1486 1492 &reperiar

301 1515 330 1604 (t
361 1513 493 1603 Σόλιοι).
539 1514 697 1597 Quoniam
723 1513 851 1583 &conns
869 1511 978 1592 ἄξονος
1011 1516 1330 1592 commemorantur,
1351 1516 1488 1600 repetita

300 1619 396 1688 litera
416 1623 449 1687 α’
470 1619 555 1698 ἄξονι
574 1620 596 1685 i.
617 1637 646 1686 e.
664 1620 772 1703 πρώτω
795 1616 880 1697 ἄξονι
903 1639 1018 1688 rernm
1040 1618 1180 1688 ridetur.
1225 1616 1295 1684 Non
1312 1616 1392 1686 alias
1408 1617 1488 1684 mihi

299 1723 398 1792 huius
418 1726 472 1794 ret
489 1723 668 1792 recordatio
697 1723 771 1810 plus
801 1722 923 1810 proluit
954 1741 1052 1811 quam
1088 1724 1121 1790 iu
1150 1722 1332 1809 fragmento
1366 1722 1488 1792 δοιειιι

252 1879 257 1884 -
297 1829 383 1918 apud
402 1829 519 1898 denar.
542 1827 626 1898 xlv.
650 1848 681 1915 p.
702 1832 780 1898 640.
801 1828 839 1895 ll.

524 1933 601 2001 ‘nto
624 1957 665 2013 ys
688 1938 760 2014 μετ’
783 1934 896 2018 ἀνδρῶν
919 1935 983 2006 tcto
1007 1934 1165 2011 Ἑλλήνων
1187 1933 1237 2000 orl

524 2037 683 2118 οννοὶνειν.
707 2039 743 2105 ad
764 2048 877 2122 χρῆμα
892 2038 1016 2122 χάριεν.
1039 2038 1111 2120 οὐχὶ
1135 2039 1146 2060 ‘
1170 2037 1222 2106 δύο

524 2143 672 2223 avallone,
693 2144 864 2224 ἀνεβόησέν
885 2169 957 2222 τις,
981 2141 1106 2225 ὖπδχιι.
1129 2141 1277 2223 κωμάσαι

523 2250 597 2331 πρὸς
615 2251 673 2326 οἷον
690 2250 890 2334 Ταναγραῖον
913 2249 963 2316 δεῖ
980 2246 1056 2330 γάρ.

296 2351 461 2420 morcon
478 2349 627 2422 destituit
655 2352 731 2422 lelix
754 2354 943 2441 ingenium,
978 2370 1078 2439 quum
1110 2349 1256 2420 crederet
1280 2369 1393 2420 verum
1416 2372 1488 2422 esse

295 2453 333 2525 οὗ
348 2457 422 2524 xtoo
442 2457 519 2526 tica
541 2459 670 2534 κοοὶοινε
688 2495 735 2510 -
750 2459 877 2542 ἐπίχει,
900 2475 985 2545 quac
1005 2457 1175 2524 Μειιιειιιιε
1199 2453 1333 2542 probata
1355 2458 1487 2545 recepit

297 2567 336 2634 ln
358 2568 456 2634 unico
477 2566 592 2634 Codice
611 2566 771 2634 Marciano
793 2577 844 2635 est
870 2569 981 2651 χαρίεν
1006 2571 1078 2648 οὐχι
1101 2551 1126 2634 ᾗ
1148 2574 1182 2634 el
1205 2566 1483 2650 ὑποχεικοιμοὶεαιε

299 2672 335 2752 in
368 2670 420 2738 lris
449 2670 528 2738 latet
562 2679 692 2754 ὑποχεῖς
714 2669 861 2750 κωμάσαι
889 2673 965 2762 (non
988 2672 1067 2740 satis
1093 2668 1257 2738 distinctis
1284 2679 1322 2740 ut
1345 2690 1439 2758 saepe
1460 2683 1488 2740 tt

301 2792 336 2851 et
365 2782 440 2872 lc),
474 2783 507 2849 iu
537 2781 602 2850 illis
629 2781 702 2864 οὐχ)
725 2766 764 2849 fl}
786 2779 819 2846 id
838 2786 889 2846 est
911 2779 984 2861 οὐχὶ
1007 2779 1124 2846 δώδεκα
1140 2777 1297 2858 Kosilaos,
1319 2779 1490 2860 ἀνεβόησέν

299 2914 371 2968 τις,
394 2891 537 2972 ὑποχεῖς.
580 2887 753 2973 ligregiam
777 2903 869 2974 opem
894 2883 959 2952 lert
984 2885 1151 2954 Μωειιιιιειι
1174 2885 1331 2952 Aramum
1351 2885 1390 2954 Χ.
1414 2903 1487 2974 pag.

300 2999 377 3062 451.
399 2993 435 3061 (l.
1405 3015 1409 3027 ⁴

509 3099 628 3170 .’0xroi
650 3122 699 3173 ror
715 3098 846 3179 ὑποχεῖν
865 3095 986 3177 ἀνεβόα
1007 3095 1061 3163 καὶ
1085 3095 1201 3164 δώδεκα

522 3201 664 3280 suolevo,

300 3328 415 3396 nempe
443 3310 459 3375 d
478 3308 611 3391 οἰνοχόος
632 3304 713 3374 solet
732 3309 803 3375 iao
810 3313 899 3390 xciv
921 3306 974 3374 elo
998 3303 1090 3385 eloco,
1113 3305 1230 3374 deinde
1251 3307 1288 3376 al
1310 3305 1386 3391 ὕδωρ
1409 3309 1486 3375 lm·

299 3422 396 3499 χεῑν.
442 3413 480 3480 lu
500 3414 573 3496 cdxl
594 3415 749 3495 ὑποχεῑςς
774 3410 921 3480 laturum
944 3410 1043 3480 hahes
1066 3431 1131 3500 quo
1156 3412 1306 3498 arguitur
1328 3412 1487 3481 limnonru

300 3538 392 3588 error
412 3517 453 3584 ad
476 3516 657 3585 Sacamum
675 3516 862 3583 annotantis
878 3535 911 3582 ν.
934 3516 1060 3599 detexta
1085 3517 1227 3603 »Ιιιιιινιᾈ
1257 3518 1340 3604 qnod
1363 3519 1487 3600 ὑποχεῶ

299 3631 401 3714 sord,
421 3621 566 3706 exemplo
583 3641 646 3687 noo
665 3621 833 3695 eormot,''
857 3618 960 3688 lorma
978 3626 1044 3702 zoa
1067 3619 1205 3686 barbara
1225 3627 1275 3688 est
1298 3629 1331 3688 et
1349 3621 1488 3688 Menon·

303 3726 406 3794 dunis
428 3725 575 3794 debetur.
621 3725 687 3791 xto
710 3731 745 3791 et
769 3724 887 3807 χέοιιαι
912 3731 946 3791 et
967 3725 1146 3811 composita
1169 3725 1277 3790 omnia
1299 3722 1418 3792 nahem
1441 3724 1488 3794 lu·

300 3842 413 3904 turum
436 3827 581 3898 eiusdem
611 3828 754 3909 turmae,
785 3830 881 3897 ouius
909 3829 958 3898 rei
992 3829 1095 3897 multa
1123 3848 1205 3896 nura
1234 3827 1379 3915 exempla
1408 3829 1488 3898 alias

303 3935 476 4032 proteram.
542 3948 546 3955 '
589 3991 595 4000 ,
1485 3943 1488 3950 “

345 4043 414 4111 Nou
434 4059 565 4130 possum
589 4059 651 4106 nou
675 4060 740 4106 nno
760 4038 892 4127 quidem
919 4038 1063 4128 exemplo
1082 4037 1380 4128 frequentissimum
1400 4063 1486 4132 ape·

300 4151 368 4218 rire
386 4165 551 4233 errorem,
578 4166 643 4232 qno
672 4145 746 4212 litori
771 4146 901 4225 droca,
928 4145 979 4214 vel
1002 4146 1133 4214 siclam
1158 4146 1238 4214 satis
1256 4145 1370 4226 multi,
1391 4147 1486 4217 libra·

300 4257 425 4322 riorum
447 4248 594 4318 socordia
611 4251 772 4318 inutiliter
782 4259 980 4338 augeantur,
1003 4253 1058 4338 qui
1083 4271 1140 4339 pro
1156 4251 1491 4340 primouodcor'mnm,

301 4381 360 4448 pro
390 4365 481 4424 sexto
497 4355 652 4422 decimum
672 4365 795 4422 sextum
818 4363 852 4424 et
879 4357 925 4422 ita
946 4355 1095 4444 deinceps
1115 4356 1247 4425 laudare
1271 4356 1383 4424 solent.
1430 4357 1487 4426 Os.

300 4464 430 4538 tendam
451 4463 487 4527 in
515 4481 552 4528 eo
581 4460 671 4539 loco,
695 4460 750 4527 ubi
769 4480 808 4529 ea
834 4481 888 4529 res
910 4471 1073 4529 caeterum
1095 4464 1175 4530 satis
1198 4461 1328 4554 innoxia
1347 4461 1486 4532 mirifice

182 4638 186 4642 ,
302 4569 413 4639 doctos
435 4567 582 4634 homines
599 4565 765 4633 ludificata
782 4575 842 4636 est.
878 4568 914 4634 lu
935 4566 1124 4653 fragmentis
1144 4567 1378 4634 ilistorieorum
1394 4568 1486 4639 droe-

303 4697 410 4752 torum
432 4674 570 4750 Munerat
593 4672 632 4739 ΙΙ.
669 4692 699 4760 p.
725 4675 767 4738 85
792 4671 832 4739 de
859 4690 969 4759 pugna
984 4671 1024 4738 ad
1049 4672 1216 4748 Coroneam
1240 4672 1274 4738 in
1298 4669 1379 4740 bello
1397 4687 1488 4752 sacro
