3767 5717
971 629 1012 692 88

399 797 493 872 εἷνεςε
518 806 626 883 νεῦρα,
650 797 754 873 eirea·
779 801 897 881 παγίς,
920 799 1025 884 Εἷροςε
1050 800 1195 883 πτωχός,
1219 800 1308 868 dabit
1328 801 1412 867 idem
1436 801 1586 885 εἰθύφαλ·

401 921 477 983 λον,
500 906 639 983 cinaedi,
663 904 773 985 attae,
797 908 982 987 εἷλιγγιοῖν,
1007 908 1110 986 sitnia,
1141 907 1205 974 alia
1228 907 1341 974 multa.
1388 908 1495 974 Etiam
1519 907 1589 974 bre·

399 1031 470 1078 vem
497 1010 634 1078 vocalem
662 1013 708 1078 sic
730 1015 927 1100 corrumpit:
952 1013 1021 1079 airu
1045 1014 1075 1079 ei
1099 1020 1147 1079 est
1166 1013 1227 1090 ito,
1250 1013 1397 1080 εἷσείαοιν
1421 1020 1452 1078 et
1470 1013 1588 1087 desiere

399 1116 589 1183 scribuntur
617 1118 704 1183 κατα
727 1129 861 1201 ςοιχεῑον
885 1139 943 1186 suo
968 1118 1047 1187 loeo.
1094 1118 1182 1185 Idem
1212 1119 1372 1185 contrario
1400 1137 1509 1183 errore
1537 1137 1590 1183 re-

397 1222 485 1308 cepit
510 1222 597 1305 ibap:
620 1224 756 1303 βρῶμα,
780 1225 865 1307 idae:
889 1225 1019 1302 εὐθέος,
1049 1225 1207 1298 inesbric:
1234 1225 1405 1302 ὅμοιωθείς,
1428 1221 1506 1288 iudos
1531 1243 1590 1309 pro

399 1327 514 1405 εἷκάοι,
540 1324 666 1407 ἵματαε
693 1328 827 1407 ἱμάτια,
849 1329 980 1410 ἴοομαιι
1005 1331 1183 1410 γνώσομαι,
1207 1327 1316 1397 icaro:
1343 1330 1498 1408 ὡμοιώθη,
1521 1329 1587 1394 ι’να-

399 1433 514 1516 τέρων,
540 1452 581 1499 ue
616 1433 733 1515 Ξοανεία
760 1435 888 1520 quidem
913 1433 1213 1520 dubitatirecipere
1243 1442 1277 1514 et
1300 1432 1420 1499 ἰοόαενε
1455 1431 1509 1507 ἕως
1538 1431 1588 1499 ἄν.

399 1538 415 1604 Ι
438 1555 525 1605 nuuc
542 1545 575 1604 et
594 1539 693 1604 istum
718 1541 848 1608 consule
864 1549 938 1608 utra
963 1541 1125 1627 scriptura
1145 1540 1188 1604 sit
1211 1537 1330 1624 ubique
1360 1538 1472 1624 potior.
1519 1537 1589 1604 Non

399 1653 448 1710 est
479 1653 588 1710 tamen
609 1644 679 1710 eius
708 1646 837 1711 inscitia
861 1645 1018 1729 insignior
1042 1664 1139 1731 quam
1166 1642 1387 1730 reliquorum,
1411 1644 1466 1728 qui
1490 1642 1591 1720 λέξεις

400 1747 616 1815 condiderunt
645 1756 678 1814 et
710 1748 855 1834 linguam
877 1759 1017 1816 veterem
1053 1748 1240 1835 aequalibus
1266 1749 1469 1835 interpretati
1501 1757 1588 1816 sunt.

399 1851 642 1928 Haurocmrrou
659 1853 744 1941 apud
757 1875 852 1940 quem
876 1861 964 1937 νῖφιν
988 1876 1044 1942 pro
1065 1861 1167 1937 νεῖψον
1188 1854 1329 1920 diximus
1349 1853 1592 1948 reponendum,

400 1957 469 2044 ipse
491 1958 538 2023 sic
558 1978 666 2024 errare
686 1960 805 2045 potuit,
829 1959 1100 2046 quemadmodum
1128 1961 1249 2030 erravit
1271 1962 1303 2024 in
1328 1961 1424 2042 Δείνῳ
1444 1961 1514 2026 αντὶ
1536 1967 1590 2026 τοῦ

403 2064 531 2141 aserere
553 2083 611 2150 pro
634 2065 702 2147 δίνῳ
721 2073 753 2130 et
775 2065 886 2143 δινήοει
910 2075 942 2131 et
966 2067 999 2132 in
1020 2065 1156 2140 Karnine.
1182 2064 1222 2131 ci.
1247 2072 1279 2132 ct
1298 2086 1327 2131 v.
1349 2066 1482 2147 Σείρινα.
1529 2065 1590 2138 Μίτ

403 2189 465 2234 uus
492 2169 589 2234 etiam
625 2190 722 2255 quam
742 2168 815 2248 his,
847 2170 951 2237 doctis
978 2171 1149 2247 videlicet,
1171 2169 1258 2237 credi
1283 2177 1385 2256 potest
1410 2169 1588 2236 scribarum

401 2274 525 2339 nationi
555 2275 699 2339 omnium
730 2295 840 2341 rerum
861 2276 1041 2361 imperitae.
1089 2275 1281 2362 Saepissime
1310 2274 1433 2340 iuvabit
1456 2278 1487 2340 in
1509 2283 1587 2342 tem·

400 2398 476 2465 pore
504 2379 690 2446 meminisse
713 2381 846 2466 perinde
867 2401 937 2448 esse
963 2391 1071 2448 utrum
1094 2406 1120 2448 ει
1152 2402 1192 2448 au
1217 2406 1226 2446 ι
1251 2382 1293 2446 sit
1316 2381 1472 2466 seriptum
1494 2381 1525 2445 in
1548 2379 1585 2444 li·

400 2485 470 2550 bris
489 2490 520 2550 et
542 2483 659 2570 ubique
684 2485 865 2572 nobisipsis
887 2505 956 2552 esse
979 2485 1153 2552 videndum
1178 2494 1252 2552 utra
1275 2485 1411 2552 lectione
1433 2487 1475 2552 sit
1496 2505 1582 2572 opus.

403 2589 497 2678 Apud
528 2590 677 2656 Honorum
713 2590 841 2656 taudem
875 2590 1018 2670 γείνεαι,
1049 2592 1237 2672 γεινόμεθα,
1270 2591 1433 2674 γεινομένῳ
1464 2609 1588 2658 cessere

403 2695 581 2769 emendatis
593 2695 784 2763 lectionibus
806 2699 951 2776 γίγνεαι,
973 2697 1169 2777 γιγνόμεθα,
1193 2697 1388 2779 γιγνομένῳ,
1415 2704 1448 2760 at
1471 2695 1527 2782 qui
1540 2715 1589 2760 re·

401 2802 509 2868 stituit
530 2801 691 2867 brunerus
715 2811 924 2870 uourconstat
948 2802 1007 2869 sibi
1032 2804 1063 2867 iu
1093 2803 1225 2868 Lucrino
1245 2823 1376 2868 servans
1393 2807 1434 2867 45
1449 2851 1456 2876 ‚
1473 2807 1502 2868 1.
1520 2800 1590 2867 inrd-

403 2932 445 2974 οοι
475 2905 514 2973 ἂν
534 2903 630 2971 αὗται
662 2907 825 2983 intrusiones
854 2908 1062 2989 γεινομένῳ
1096 2906 1207 2990 incisu.
1261 2907 1411 2973 Nrcnttuuu
1446 2905 1591 2972 creditur

404 3015 438 3078 iu
466 3011 624 3075 Tbericcis
646 3030 693 3074 vs.
721 3016 763 3076 50
787 3010 905 3078 dixisse
932 3011 1118 3093 κρειοφοέγος
1143 3032 1200 3096 pro
1224 3033 1332 3076 corneo
1353 3034 1486 3086 vorans,
1510 3013 1590 3078 satis

403 3118 474 3202 ipse
498 3114 661 3180 commisit
680 3125 883 3198 peccatorum
895 3166 904 3186 .
916 3137 979 3202 quo
999 3118 1106 3181 minus
1124 3116 1260 3183 aliorum
1281 3118 1369 3182 vitiis
1382 3125 1431 3184 est
1451 3137 1590 3203 urguen-

405 3221 484 3290 dus:
520 3218 651 3285 dederat
674 3219 863 3303 κμοφοὶγος,
897 3230 933 3287 ut
965 3241 1057 3308 saepe
1081 3222 1159 3305 κριός
1196 3222 1274 3288 abiit
1308 3223 1339 3287 in
1371 3223 1487 3306 αρειός,
1516 3221 1589 3289 vide

406 3325 660 3391 Vnicuuunuumu
687 3325 726 3391 ad
758 3325 887 3393 Pboen..
912 3347 958 3394 vs.
981 3332 1033 3393 44.
1081 3327 1204 3396 Addam
1228 3347 1329 3394 unum
1352 3347 1390 3394 ex
1410 3329 1590 3406 dinumero,

407 3431 441 3497 iu
465 3449 545 3516 quo,
569 3428 631 3494 uisi
650 3428 982 3518 vehementeriallor,
1001 3454 1057 3499 uos
1081 3433 1268 3499 ludificatur
1291 3431 1393 3499 forma
1415 3432 1490 3500 hinc
1514 3441 1590 3498 nata

405 3538 538 3610 ὑπείσας
567 3535 623 3600 111.
645 3538 707 3600 126
736 3547 768 3603 et
794 3536 831 3604 V.
861 3543 937 3604 105.
996 3539 1138 3624 Fiugunt
1158 3538 1243 3602 docti
1269 3535 1403 3602 sormam
1430 3540 1532 3622 ὑφὲο,
1555 3538 1589 3604 in

405 3641 531 3708 insidiis
554 3641 682 3720 colloco,
707 3643 789 3721 male
810 3651 1034 3730 comparantes
1058 3645 1216 3710 Houuurm
1240 3639 1332 3718 εἷοα,
1358 3642 1452 3724 λόχον
1483 3639 1588 3723 εἷσαν,

405 3748 533 3814 similia.
558 3745 618 3828 Qui
643 3749 676 3814 iu
701 3750 828 3817 insidiis
848 3750 992 3817 collocati
1024 3758 1099 3816 suut
1124 3750 1278 3816 dicuutur
1302 3750 1428 3835 proprie
1451 3751 1586 3832 ὑφῆοθαι

403 3853 455 3919 vel
481 3855 709 3931 ὑποααθῆσοαι,
737 3857 789 3921 oui
813 3855 909 3920 verbo
932 3855 1143 3942 respondebat
1172 3854 1270 3937 ὑφίζω
1294 3862 1331 3919 ut
1357 3855 1505 3929 καθῆσθαι
1534 3854 1587 3920 ha·

404 3957 458 4023 bet
478 3955 538 4021 sibi
564 3959 818 4043 respondentemv
834 3958 968 4026 formam
996 3960 1128 4041 καθίξαι
1153 3959 1255 4044 igitur
1276 3959 1454 4030 Hunouorus
1477 3978 1586 4044 quem·

403 4060 576 4127 admodum
595 4063 620 4128 l.
645 4068 699 4130 89.
718 4064 848 4148 scripsit
866 4066 992 4131 αοὶτιοον
1012 4064 1173 4148 potiundi
1199 4074 1231 4130 et
1251 4069 1306 4133 88.
1335 4065 1428 4130 αὐτὸν
1455 4063 1585 4143 κατισε,

404 4167 450 4231 sic
471 4164 536 4230 ibic
555 4165 670 4241 ὑπίσας
691 4176 724 4234 et
745 4169 911 4244 iniecisse
936 4170 1120 4254 scripserat.
1167 4170 1273 4236 Minus
1300 4171 1397 4236 ctiam
1425 4169 1586 4236 dubitabis

402 4273 430 4340 si
450 4269 570 4336 videris
593 4290 634 4336 ue
657 4271 767 4338 κατισε
799 4275 928 4360 quidem
954 4275 1023 4340 sine
1049 4274 1191 4359 periculo
1216 4275 1337 4352 fuisse,
1364 4296 1437 4342 uam
1460 4275 1586 4342 codices

401 4377 533 4466 perboui
555 4384 682 4441 κατεῖσε
702 4386 734 4444 et
753 4379 880 4446 αοὶτειοε
903 4379 1065 4445 exhibent.

448 4482 534 4549 Satis
566 4483 677 4569 procui
703 4503 759 4548 nos
781 4485 998 4550 Buuuunmuuu
1028 4487 1157 4569 νειφέτω
1188 4488 1341 4564 abduxit,
1375 4494 1503 4552 revocat
1532 4505 1584 4550 me

403 4587 570 4666 Lucienus,
605 4589 658 4654 cui
688 4609 726 4654 ea
749 4592 818 4676 ipsa
849 4589 1027 4656 observatio
1056 4594 1174 4678 poterit
1202 4593 1504 4680 prodessemus
1530 4590 1585 4656 ubi

402 4692 557 4758 dicuutur
587 4695 738 4762 convivae
770 4694 954 4783 pauperculi
986 4697 1068 4784 apud
1101 4698 1232 4764 divitem
1262 4707 1432 4766 coenantes
1463 4699 1495 4764 iu
1530 4715 1582 4784 po-
