3767 5717
872 595 938 663 326

324 796 380 888 qui
398 795 557 887 permulta
581 793 690 860 ionica
710 789 884 856 admiscere
905 792 969 857 suis
990 791 1089 869 solet,
1123 790 1201 881 (non
1223 800 1327 856 vetera
1346 788 1494 881 poetica,

324 914 359 967 ut
377 901 473 967 multi
493 899 698 983 existimant),
720 896 820 962 Attici
836 898 971 971 έναντθις
991 919 1116 988 semper
1135 896 1293 962 dicebant.
1316 902 1396 987 527.
1414 901 1494 964 θνα·

322 1015 432 1081 καλεῖς
462 1008 518 1081 την
548 1004 738 1084 ὑπόσχεσιν,
771 1002 901 1066 Veteres
929 1003 1124 1068 ἀνατίθεσαι.
1160 1005 1252 1090 §36
1284 1004 1410 1068 ἐπειδὰν
1439 1025 1495 1077 ση·

319 1110 437 1194 adopt
463 1109 687 1186 σαλπιγκτής,
722 1107 850 1173 Veteres
870 1108 992 1190 σημηνη
1020 1107 1169 1172 omissod
1196 1111 1412 1186 σαλπιγκτής.
1434 1101 1495 1181 ,ln

321 1220 375 1294 67,
399 1220 434 1292 4,
456 1218 485 1281 4.
513 1215 697 1293 κεκερᾶσθαι
723 1212 832 1278 vitiosa
851 1216 884 1276 e't
903 1210 1035 1276 herbera
1059 1212 1160 1276 forma
1181 1223 1239 1278 est.
1289 1211 1393 1277 Attica
1423 1222 1497 1277 sunt

321 1319 477 1399 κέκραμαι
499 1330 532 1384 et
553 1315 697 1398 ε’κραέθην,
731 1317 840 1382 ionica
861 1327 969 1382 retera
988 1317 1195 1397 κέκρημαι.οι
1216 1317 1358 1396 ἐκρηθην,
1385 1317 1497 1382 miuus

319 1435 425 1489 retera
446 1423 638 1504 κεκέρασααι
659 1434 690 1488 et
711 1423 893 1504 ἐκερθσθην,
918 1444 1002 1511 quae
1024 1421 1206 1487 Xttttol’uun
1228 1433 1360 1511 usurpat
1380 1422 1420 1486 ab
1442 1419 1519 1486 lo·'

321 1528 416 1595 nibus
444 1527 633 1618 aequalibus
653 1540 774 1606 sumta,
798 1539 834 1593 ut
854 1539 886 1592 et
904 1527 1087 1607 ε’δυννέσθην,
1114 1526 1201 1616 quod
1221 1527 1306 1618 apud
1328 1550 1401 1593 eum
1423 1519 1498 1619 per·

324 1647 457 1726 potuum
486 1647 533 1701 est
554 1653 612 1725 pro
632 1635 789 1711 ε’δυνηθηνι
822 1632 900 1698 hine
927 1632 1099 1698 Lucrinus
1121 1645 1176 1698 aut
1196 1636 1364 1714 κεκρᾶσθαι
1385 1633 1499 1698 dixisse

321 1751 427 1831 potest
457 1752 512 1805 aut
538 1738 743 1832 κεκεριέσθαι,
778 1737 834 1803 sed
858 1738 947 1830 quod
973 1761 1011 1804 ex
1033 1750 1169 1828 utroque
1190 1761 1357 1830 perperam
1377 1735 1499 1805 contia-

322 1858 391 1913 tum
413 1857 461 1911 est
480 1847 663 1926 κεκερᾶσθαι
684 1844 791 1909 dicere
814 1868 879 1910 non
899 1843 1016 1934 potuit.
1058 1847 1117 1920 67,
1138 1847 1175 1921 6,
1199 1849 1227 1909 4.
1251 1843 1432 1920 ένδειξθσας
1463 1868 1498 1909 σε

320 1951 363 2031 τῷ
385 1949 550 2030 δακτύλῳ,
568 1948 697 2014 Veteres
717 1948 881 2026 δειξνέσαςε
904 1948 1074 2027 ε’νδείκννμι
1100 1959 1132 2012 et
1152 1946 1277 2024 ἔνδειξις
1297 1947 1330 2010 in
1352 1947 1421 2014 iure
1440 1947 1499 2012 At-

324 2055 390 2120 tico
408 2053 482 2118 trita
498 2064 572 2119 suut
595 2053 765 2132 vocabula,
784 2052 838 2118 sed
859 2064 921 2117 tam
941 2063 1037 2117 notus
1055 2050 1110 2117 bic
1127 2073 1202 2118 usus
1221 2062 1268 2116 est
1285 2052 1448 2130 omnibus,
1464 2063 1499 2118 ut

322 2158 503 2224 Lucunurr
530 2157 680 2236 δειξθσας
702 2158 863 2247 scripsisse
883 2157 1044 2248 suspicer,
1078 2157 1187 2222 multis
1206 2166 1278 2247 post
1299 2159 1413 2224 seculis
1435 2158 1499 2223 im·

320 2275 491 2356 portunam
519 2264 791 2354 praepositionem
820 2264 905 2329 male
936 2262 1125 2329 adhaesisse.
1167 2267 1220 2340 67,
1242 2267 1272 2340 7,
1292 2267 1321 2328 3.
1346 2263 1499 2330 καταλεί-

321 2376 432 2451 ψασαν
461 2392 520 2460 pro
549 2376 791 2435 casamariam
820 2380 886 2434 tam
914 2382 1009 2459 turpe
1031 2367 1159 2445 dicendi
1180 2368 1290 2434 vitium
1313 2378 1377 2447 est,
1404 2378 1440 2432 ut
1462 2389 1499 2434 ea

323 2474 479 2564 scriptura
510 2496 586 2539 sana
615 2496 682 2538 csse
712 2495 778 2538 non
806 2473 918 2562 possit.
963 2471 1069 2537 Multo
1100 2472 1199 2536 scrius
1228 2471 1294 2536 neti
1320 2484 1412 2551 sunt,
1442 2472 1499 2562 qui

322 2585 454 2659 λεῖψαι,
478 2578 663 2659 αμαρτησαι
683 2589 717 2642 et
736 2577 851 2642 similia
870 2588 1020 2667 portenta
1040 2576 1238 2642 invexerunt.
1283 2575 1499 2643 tntiarrtcisu

322 2682 493 2762 Bunnnut,
516 2681 572 2772 qui
593 2706 625 2771 p.
641 2684 720 2760 106,
738 2684 794 2748 24.
816 2681 962 2762 λείψας
987 2681 1057 2745 αντὶ
1079 2687 1133 2747 τοῦ
1155 2681 1267 2760 λιπών,
1289 2682 1498 2764 Ἀριςοφαένης

321 2788 510 2871 Ἀνδρομέδα
540 2789 665 2867 attulit,
702 2799 763 2853 tam
792 2809 909 2878 parum
937 2785 1058 2852 indicio
1087 2788 1171 2852 valet
1201 2799 1233 2853 et
1261 2788 1380 2854 ritiosis
1407 2788 1498 2854 libris

322 2902 388 2972 tam
417 2914 511 2982 saepe
539 2892 637 2959 stulte
667 2891 822 2982 deeeptus
851 2902 917 2974 est,
954 2904 990 2956 ut
1019 2891 1086 2957 eius
1113 2891 1177 2958 fide
1205 2893 1280 2958 stari
1301 2915 1367 2958 non
1387 2894 1498 2984 possit.

321 2995 442 3086 Ecquis
461 3007 520 3074 est,
552 2997 609 3087 qui
629 2997 660 3062 ei
682 2997 791 3062 credat
809 2996 945 3072 εὐνηκθς
971 2994 1085 3062 dixisse
1106 2997 1233 3064 Lrstatu
1252 3021 1311 3086 pro
1332 2998 1497 3078 ἐωνημένος

319 3125 352 3192 p.
377 3106 440 3181 95,
468 3106 531 3180 25,
569 3115 625 3168 aut
654 3101 861 3183 ἐγρηγόρησεν
899 3101 1152 3172 quuruummt
1179 3129 1212 3196 p.
1240 3108 1302 3183 96,
1330 3106 1408 3168 25¹
1443 3110 1499 3169 aut

323 3210 454 3287 ᾖκρνῖισι
478 3207 699 3275 Auulunnttutt
716 3232 748 3297 p.
770 3211 829 3286 98,
850 3209 911 3286 28,
936 3231 994 3298 pro
1012 3211 1115 3290 ηκραῶ.
1142 3209 1273 3291 ηκρθατυ
1295 3208 1391 3275 credo
1412 3207 1499 3274 dixe·

322 3322 392 3390 ret,
414 3311 448 3376 id
468 3325 516 3380 est
535 3315 686 3390 sinnades.
738 3312 821 3396 Quid
842 3313 992 3379 erraverit
1022 3338 1054 3403 p.
1081 3318 1162 3395 112,
1183 3317 1236 3379 29.
1265 3315 1299 3380 in
1322 3316 1498 3382 atervam

324 3414 446 3500 (editur
473 3418 672 3505 πέπαυνται)
704 3440 799 3507 συρτει
828 3418 1124 3486 demonstravimus.
1173 3399 1235 3504 'Qui
1260 3421 1305 3486 sic
1328 3421 1499 3486 dormitare

324 3530 430 3608 potest
459 3532 491 3585 et
518 3520 552 3585 in
581 3532 645 3586 tam
677 3523 794 3612 apertis
821 3534 853 3586 et
877 3522 1057 3587 manifestis
1079 3526 1252 3602 caecutire,
1282 3525 1353 3614 quis
1374 3547 1446 3592 eum
1466 3527 1500 3591 in

328 3623 382 3689 tali
403 3646 456 3703 re,
485 3625 670 3700 inimmaui
691 3615 908 3704 barbarismo,
936 3627 1035 3693 fidem
1053 3651 1176 3694 merere
1196 3629 1351 3718 putabit?
1380 3629 1498 3710 λείψας

325 3728 423 3818 igitur
440 3742 506 3796 tam
525 3753 636 3796 sanum
654 3743 700 3823 est
721 3742 752 3796 et
776 3731 969 3820 genuinum,
985 3743 1082 3822 atque
1104 3735 1345 3800 Autsrorflants
1362 3734 1499 3801 Andro-

323 3835 437 3913 meda,
472 3859 554 3925 quae
574 3837 663 3902 nulla
684 3858 836 3926 umquam
857 3836 933 3915 fuit,
965 3836 1075 3926 itaque
1095 3839 1288 3921 Ἀντιφάνης
1313 3839 1498 3930 reponitur,

327 3939 418 4005 cuius
429 3940 646 4007 Andromeda
663 3940 726 4006 hoc
747 3942 841 4007 unico
860 3942 1043 4008 testimonio
1065 3942 1188 4011 nititur.
1212 3941 1304 4010 Seros
1321 3951 1498 4034 poetastros

325 4044 369 4124 ita
387 4068 520 4137 peccare
541 4071 605 4113 non
627 4049 798 4130 miramur,
824 4061 859 4115 ut
877 4059 1041 4114 auctorem
1062 4054 1121 4118 τῶν
1140 4055 1262 4132 χρυσῶν
1281 4051 1360 4115 ἐπῶν
1382 4071 1425 4118 rs.
1445 4051 1500 4116 70.

413 4198 417 4207 ·
458 4152 492 4228 ἢν
516 4153 542 4218 δ’
565 4153 747 4234 ἀπαλείψας
772 4157 851 4234 σῶμ’
875 4155 919 4226 εἰς
945 4154 1043 4235 αἰθέρ’Ι
1062 4155 1216 4236 ἐλεύθερον
1240 4152 1351 4238 dedus.-

342 4343 564 4356 m

358 4445 378 4513 ¹)
396 4447 550 4499 Xunorrrm
576 4450 603 4500 in
629 4445 741 4498 Αυαέαεί
753 4450 802 4501 IV.
820 4464 856 4501 rr.
876 4455 917 4500 22.
942 4450 1124 4519 θρρηρθρεσιιν
1140 4451 1249 4514 scripsit,
1274 4449 1342 4514 quod
1359 4447 1498 4498 Poneouus

323 4533 417 4596 optime
430 4535 549 4593 restituit,
567 4547 613 4597 pro
630 4533 712 4582 forma
728 4531 835 4583 barbara
848 4535 1033 4600 ἐγρηγόρησεν
1048 4549 1064 4584 a
1081 4533 1211 4584 Graeculis
1225 4531 1324 4582 inrecte
1341 4539 1366 4581 et
1382 4531 1497 4594 imperito

324 4619 486 4676 grammatico
503 4625 588 4670 nostro
604 4619 720 4682 probatu,
737 4632 847 4682 numque
863 4633 910 4682 pro
927 4613 1108 4685 ἐγρηγόρησεν
1116 4636 1127 4665 ι
1142 4611 1266 4675 Ξενοφῶν
1282 4615 1405 4684 τετάρτῳ
1415 4614 1498 4664 Ἀντι·

324 4699 425 4759 βάσεως
441 4703 577 4768 tegendum
596 4717 649 4755 esse
666 4701 850 4772 έγρηρόρησαν
867 4703 1030 4755 manifestum
1047 4709 1092 4754 est.
1461 4716 1464 4731 ¹
