3767 5717
862 628 903 687 55

297 803 494 881 riolanrlum,
520 821 550 868 v.
570 820 598 865 e.
616 800 669 865 κυνὶ
687 801 772 866 sarit
792 800 909 875 συυτδιν
929 798 1060 883 spiare,
1078 800 1114 865 σδ
1137 800 1231 867 κυκύν
1253 806 1318 870 xri.
1344 832 1348 844 ·

301 963 309 977 .
343 910 447 996 Epist.
468 913 499 974 5.
536 905 561 996 S
586 910 616 971 5.
640 908 759 986 ἕσσῖμυς
784 903 817 982 ἦν
842 905 1070 985 bestimmten:
1095 905 1190 972 verba
1217 908 1386 979 manifesto
1408 932 1477 979 eor·

297 1024 404 1103 rupta.
429 1014 499 1103 Sl.
524 1012 670 1079 Πωσιωνσι
694 1031 751 1097 pro
768 1007 1053 1076 nortmanorum
1076 1020 1241 1098 receptum
1257 1017 1407 1102 oportuit.
1431 1047 1476 1075 ..ν

299 1123 372 1203 μηδ’
401 1119 440 1186 ἂν
462 1117 609 1202 Φύύννιμι
639 1118 721 1198 λιμῷ
752 1122 990 1190 cucurutium:
1021 1114 1177 1201 quidquid
1207 1120 1354 1205 attigeris
1384 1121 1476 1189 uleus¹

297 1235 368 1304 cst,
402 1244 506 1311 neque
528 1223 567 1290 δν
585 1220 731 1305 plerum
755 1240 869 1286 sanum
892 1226 959 1293 est,
992 1238 1095 1305 neque
1116 1220 1244 1304 φύύνεσν
1264 1244 1323 1309 pro
1343 1226 1476 1305 μέιιιιειν

298 1340 387 1398 reete
417 1338 466 1396 est
495 1329 652 1416 positum,
688 1344 792 1411 neque
822 1323 1016 1391 infinitivum
1050 1323 1165 1392 habere
1196 1333 1308 1413 potest.
1367 1329 1476 1399 Satius

298 1445 347 1517 est
370 1435 531 1501 abstinero
554 1450 695 1499 manum.

345 1541 449 1626 Epist.
464 1543 494 1603 4.
518 1535 749 1612 ἀπεσκληκέναι
770 1534 926 1604 κινδυνεύω
948 1536 990 1618 σῷ
1002 1538 1084 1619 λιμῷ
1103 1537 1316 1617 κενσσύμενσςε
1336 1539 1477 1625 perlecto

298 1645 388 1711 loeus
406 1664 469 1709 nou
493 1650 542 1709 est
561 1648 631 1729 post
653 1640 787 1707 verbnm
809 1640 989 1717 κινδυνεύω,
1009 1658 1071 1707 non
1096 1648 1199 1727 potest
1220 1641 1251 1709 id
1271 1644 1335 1709 iam
1355 1643 1475 1715 lactum

298 1747 471 1836 essequod
495 1756 530 1813 ut
553 1747 610 1813 liat
636 1746 815 1834 periculum
837 1746 899 1812 sit:
935 1745 1044 1831 itaque
1063 1756 1279 1823 κνισυσκιῆνωι
1300 1748 1340 1814 ab
1361 1750 1477 1819 Eosre

296 1877 367 1923 nmo
389 1854 474 1940 grati
494 1853 693 1939 accipimus,
716 1852 809 1917 cuius
834 1850 1054 1917 testimonium
1075 1850 1115 1917 ad
1136 1852 1377 1938 praecedentem
1402 1855 1476 1943 Epi·

298 1961 411 2028 stolam
429 1960 602 2024 lleueunnm
622 1955 757 2023 adduxit
778 1955 877 2023 hoece
898 1946 942 2041 p.'
956 1961 1063 2031 1508,
1089 1960 1141 2023 ll.
1165 1964 1219 2023 σσῦ
1238 1958 1270 2023 δὲ
1290 1966 1389 2025 oxu&
1412 1986 1476 2027 νισι-

297 2067 442 2151 ρύνωγυν
465 2063 653 2137 eracleo,
677 2059 741 2127 ύύσν
757 2061 845 2142 πυρὰ
864 2063 907 2144 τῷ
925 2061 1105 2145 Ἀλιύφρσνι
1129 2063 1185 2128 τὸ·
1206 2074 1475 2142 cucurutium

298 2169 496 2239 κινδυνεύω
523 2170 630 2250 λιμῷ.
677 2166 723 2232 lle
748 2164 850 2231 iorma
871 2168 1005 2233 σκλυύνιυ
1030 2174 1137 2234 aulem
1168 2166 1373 2236 vehementer
1393 2169 1476 2239 salli·

297 2286 373 2355 tur,
398 2282 432 2341 ut
459 2293 552 2360 saepe
573 2270 721 2339 Graeculi
739 2269 893 2337 mirificas
915 2271 1206 2339 comminiscuntur
1226 2272 1345 2341 lormas
1369 2277 1477 2344 verho-

297 2403 372 2451 rum
403 2400 442 2446 ex
466 2378 638 2456 derivatis,
664 2396 704 2443 ex
731 2374 873 2453 κσσέωξνι
897 2383 1048 2463 repetunt
1072 2376 1237 2445 νωσεύσσω
1270 2380 1319 2468 (ιιι
1345 2383 1476 2463 utere,

298 2485 430 2575 ῥήσσων),
454 2504 493 2550 ex
523 2483 681 2563 oporteat
703 2480 886 2564 ἀμφιέζειν,
905 2500 943 2547 eu
958 2480 1125 2561 ἐ’δσισιύμκν
1147 2482 1279 2564 δύζσμυι
1301 2484 1476 2575 (prosata.

222 2591 225 2598 “
300 2592 392 2679 μων),
415 2589 498 2663 alia;
517 2594 734 2662 κυσσισιιλῆνωι
759 2594 838 2651 esta
856 2587 1083 2662 κυσνισκέιιλω,
1108 2588 1192 2673 quod
1212 2588 1295 2674 apud
1317 2594 1476 2660 recenlio-

299 2716 351 2762 res
369 2703 417 2761 est
439 2690 707 2759 suscenseretis.
731 2692 941 2767 Ἀισυσκλῆνωι
954 2711 994 2756 uu
1018 2702 1235 2769 ιιιισυισιιλῆνιιι
1258 2693 1385 2781 legatur
1403 2718 1476 2785 per-

299 2801 372 2867 inrlc
393 2819 463 2867 esse
487 2798 645 2871 arlritror3
672 2797 867 2870 ύιισσκιιῆνυι
889 2796 1046 2881 optimum
1070 2804 1235 2865 auctorem
1257 2798 1353 2867 lubet
1387 2804 1475 2871 Aure.

298 2926 453 2973 romaum
476 2907 508 2970 in
525 2902 632 2987 Vespio
650 2904 791 2975 vs.160‚
812 2899 897 2966 unde
916 2901 1054 2987 arripuit
1073 2901 1233 2967 llnnnrsin
1247 2924 1291 2971 u:
1313 2908 1474 2987 ύνισσκιιιι-

296 3036 367 3090 νσιι,
401 3011 441 3076 ad
478 3029 572 3097 quem
608 3008 694 3074 lectu
721 3005 911 3092 dignissima
946 3006 1111 3072 Praesume
1142 3006 1269 3094 collegit
1304 3018 1475 3101 utramque

296 3118 432 3184 iormam
450 3115 552 3201 perite
571 3111 747 3179 vindicans.
779 3109 986 3178 simillimum
1002 3117 1051 3177 est
1073 3110 1256 3179 Plautinum
1274 3116 1308 3182 in
1331 3116 1476 3188 Boeotiae

296 3222 496 3308 fragmento:

518 3324 623 3389 maior
641 3344 718 3410 porr
728 3321 839 3407 populi
856 3321 940 3386 urieli
961 3330 1082 3405 reptent
1102 3325 1199 3409 some.
1307 3366 1311 3371 -

296 3430 380 3513 Quin
412 3437 519 3496 autem
549 3426 647 3493 iacias
673 3426 844 3513 participio
876 3426 1093 3505 κεντούμενος,
1117 3428 1201 3513 quod
1229 3430 1269 3497 ub
1297 3431 1356 3501 lroe
1377 3455 1476 3523 argu.

296 3543 406 3602 meuto
425 3534 663 3599 alienissimum
682 3532 755 3597 est?
776 3538 892 3597 κεντεῖν
912 3538 961 3596 est
982 3533 1143 3620 consociere
1165 3536 1328 3615 corninus,
1348 3540 1474 3625 gladio,

297 3640 446 3725 pugione.
493 3638 633 3701 Eueocre
652 3641 737 3723 some
758 3645 806 3703 ost
839 3637 1007 3703 ύσσκνωι.
1054 3637 1140 3703 Nihil
1164 3649 1331 3725 superest,
1350 3645 1412 3710 uisi
1436 3657 1473 3713 ut

299 3740 488 3805 vocabulum
508 3742 728 3825 importunum
748 3750 780 3805 et
803 3740 972 3807 molestum
989 3742 1149 3817 delectum
1173 3745 1338 3812 ostendam
1363 3751 1471 3818 statim

298 3862 394 3929 quam
419 3843 574 3929 proclives
594 3833 713 3909 inerint
737 3844 870 3912 lectores
898 3846 1022 3913 acutuli
1054 3846 1096 3913 ad
1120 3849 1325 3917 inserendum
1344 3852 1473 3941 aliquod

298 3948 445 4015 fulcrum
458 3948 661 4025 huiusmodi,
684 3948 737 4014 nlri
761 3952 936 4019 orationem
957 3972 1018 4017 nou
1037 3952 1119 4017 satis
1139 3952 1276 4022 tirmiter
1299 3960 1473 4030 consistere

297 4055 550 4139 suspicarentur.
584 4053 608 4142 S
628 4058 658 4119 Ξ.
681 4055 814 4139 rexere:
838 4057 1038 4142 improbatur
1058 4056 1097 4123 uh
1116 4060 1264 4127 omnihus
1280 4067 1471 4149 ριούᾶσσσν.

342 4159 444 4246 Epist.
469 4165 501 4228 ὅ.
532 4159 636 4239 μένεις
660 4180 699 4225 ex
722 4160 951 4227 Graeculorum
974 4180 1061 4227 more
1085 4182 1142 4248 pro
1161 4167 1246 4232 οἰκεῖ.

340 4264 440 4351 Epist.
466 4270 497 4331 6.
533 4264 611 4355 §l
649 4266 805 4332 κινδυνεύω
828 4273 892 4332 σνῖν
915 4269 1156 4347 ύφύσιλμυῖντὸν
1178 4268 1480 4353 &apocatastaticus

296 4372 354 4437 ύνιδ
383 4379 441 4437 τῶν
470 4370 673 4454 terrestres
699 4371 940 4451 ἐνσχλυύμενυςε
965 4372 1081 4439 Dubito
1106 4375 1249 4441 nonnihil
1273 4377 1312 4443 de
1335 4391 1471 4458 συςσιλῆ-

295 4502 366 4553 νωι,
392 4498 455 4542 uon
476 4478 562 4543 enim
587 4474 698 4541 oculus
718 4477 837 4561 pugnis
860 4484 1014 4545 contusus
1029 4478 1246 4553 ,σνςέιιετυιι
1271 4484 1409 4567 cogitavi
1431 4485 1472 4553 de

295 4593 482 4660 συσκιῆννι,
503 4582 712 4657 contemsisse,
735 4580 828 4648 ouius
850 4580 938 4645 verbi
962 4602 1155 4668 quamquam
1178 4594 1264 4652 certa
1288 4596 1335 4653 cst
1365 4600 1473 4658 aucto·

296 4689 392 4766 ritas,
421 4697 528 4754 tamen
560 4684 702 4771 exempla
733 4684 814 4751 milri
846 4684 930 4771 apud
967 4687 1138 4773 scriptores
1161 4708 1222 4755 non
1259 4690 1359 4773 lecta,
1385 4697 1480 4782 apuu
