3767 5717
969 609 1034 672 340

410 822 483 871 uam
513 802 558 867 sic
586 801 746 867 verissime
775 799 943 871 thsculc
972 800 1154 868 emendavit
1181 825 1241 894 pro
1269 800 1450 876 ἐτύπτονθ’,
1486 811 1518 866 et
1545 799 1580 866 in

407 893 523 974 xlionis
547 930 589 974 rs.
614 910 690 974 636.

608 1014 641 1077 ού
666 1012 728 1095 γὰρ
753 1013 792 1077 σὺ
814 1012 927 1078 τύπτει
952 1013 1108 1086 rite-lons
1133 1013 1263 1093 πλνγύος
1286 1012 1365 1092 ἐμοί.

407 1129 440 1182 et
458 1117 582 1208 saepius
600 1119 750 1196 τύπτειν,
775 1121 900 1197 ποίεον,
922 1125 1098 1198 caenoso,
1121 1119 1230 1199 δέρειν,
1251 1119 1385 1196 ξονίνειν,
1403 1116 1578 1184 τύπτεσύοοι

406 1224 537 1300 πλυνούς
575 1223 719 1297 πολλούς,
752 1222 884 1301 σ’λίνοος,
920 1224 1131 1308 πεντύκονποι,
1160 1234 1193 1288 et
1222 1221 1346 1290 similia.
1398 1221 1508 1288 Patro
1535 1223 1579 1288 de

323 1358 327 1375 ·
405 1327 549 1418 Legibus
582 1327 667 1394 VIII.
696 1354 728 1418 p.
758 1331 833 1393 845.
860 1348 890 1394 Δ.
915 1333 951 1393 si
972 1351 1107 1407 serens,
1131 1328 1255 1419 iuquit,
1280 1351 1321 1393 ex
1341 1329 1451 1394 alieno
1466 1329 1576 1412 fundo

339 1483 342 1488 -
405 1458 489 1499 uvas
518 1443 579 1498 ant
596 1434 690 1520 ficus
712 1436 863 1521 furatus
880 1435 999 1523 fnert‘t
1023 1434 1109 1499 κοντοὶ
1136 1439 1222 1517 ῥᾶνον
1244 1435 1381 1515 βοτρύων
1407 1433 1460 1497 nni
1486 1438 1577 1498 σῦκον

406 1547 502 1614 συκῆς
522 1539 700 1620 ἰσαρίθμους
721 1540 840 1611 τούτοις
861 1539 992 1618 πλυνούς
1015 1539 1231 1619 μοοςινούσύυ,
1254 1551 1285 1604 et
1306 1562 1399 1630 saepe
1420 1537 1506 1603 alibi.
1538 1535 1577 1602 In

405 1667 442 1710 ea
469 1667 504 1710 re
533 1643 730 1709 tritissimum
761 1644 887 1710 Graecis
918 1655 966 1710 est
992 1643 1119 1723 πληγήν
1148 1656 1203 1709 aut
1226 1643 1356 1724 πλνγοίς
1384 1642 1575 1708 indicendo

406 1753 556 1816 omittere
586 1760 618 1813 et
647 1749 767 1840 optime
798 1749 918 1817 Graece
948 1748 1067 1816 dicitur
1097 1748 1271 1814 τύπτεσύοοι
1301 1747 1442 1823 πολλούς,
1478 1760 1512 1814 ut
1542 1748 1576 1812 in

405 1857 555 1924 Nubibus
578 1857 655 1921 972.

697 1960 882 2042 ἐπετρίβετο
905 1959 1099 2038 τυπτόμενος
1123 1957 1263 2042 πολλούς,

405 2064 521 2154 inquo
541 2064 614 2130 Ioco
631 2065 768 2130 Tuorrss
786 2067 975 2144 Macrsrrn,
996 2065 1053 2155 qui
1073 2065 1246 2156 discipulos
1265 2085 1339 2128 suos
1361 2060 1474 2129 docere
1495 2063 1577 2129 solet
1647 2111 1650 2116 -

406 2169 437 2233 id
467 2168 555 2258 quod
580 2171 648 2260 ipse
667 2193 731 2235 uon
750 2169 880 2250 didicit,
903 2170 1036 2235 indocte
1057 2170 1180 2242 πολλούς
1202 2191 1276 2235 cum
1296 2169 1479 2250 ἐπετρίβετο
1498 2191 1576 2234 oon-

406 2274 559 2364 qugebat
587 2300 620 2365 p.
647 2280 733 2340 359:
766 2275 1017 2356 ε’πιτρίβετοοι
1048 2271 1196 2346 πολλούς
1228 2275 1323 2352 λέγε,
1353 2275 1398 2351 μὴ
1428 2277 1572 2350 πολλὰς

406 2381 565 2458 πλυροὶς
601 2380 782 2460 δέχεται.
839 2379 984 2468 Μυίίοιυ
1006 2378 1176 2444 ‘docebunt
1211 2379 1412 2445 Lausurtrus
1439 2382 1511 2446 Bos
1546 2392 1579 2446 et

406 2481 584 2549 Souastene
607 2483 762 2575 dillapsus
786 2483 938 2551 Graecas
960 2484 1157 2550 illustrantes
1175 2508 1207 2573 p.
1229 2489 1303 2550 385.
1323 2507 1392 2573 sqq.
1411 2483 1468 2550 ubi
1486 2487 1579 2576 copia

407 2600 455 2654 est
484 2591 703 2680 exemplorum
732 2592 764 2655 in
795 2613 943 2658 acervum
974 2592 1190 2656 coniectorum
1220 2589 1390 2656 cuiuslibet
1415 2593 1526 2657 aetatis
1546 2605 1580 2660 et

406 2695 521 2785 pretii,
547 2709 579 2762 et
597 2721 674 2762 sana
692 2720 766 2762 oum
790 2699 890 2786 aegris
914 2712 946 2764 et
967 2697 1085 2763 vitiosis
1104 2695 1307 2786 copulantur.
1355 2697 1485 2786 Optima
1505 2712 1579 2766 sunt

406 2823 445 2867 er
472 2800 629 2868 Anaoasz·
655 2801 692 2868 V.
719 2821 789 2868 ΠΗ.
814 2805 864 2868 12.
885 2802 1059 2883 οίυέκροογον
1083 2801 1200 2874 ποίντες
1224 2804 1262 2874 ὡς
1283 2801 1396 2880 ύλίνοος
1420 2803 1578 2886 πορίσειεν,

407 2918 440 2973 ct
465 2927 502 2970 ex
531 2907 726 2973 Profuturo
755 2931 823 2998 cap.
852 2910 905 2972 24.
928 2907 943 2970 ὅ
970 2908 1000 2972 δῖ
1028 2915 1106 2979 nete
1131 2907 1218 2971 ποιίει
1243 2906 1365 2987 κοιρίοον
1388 2907 1440 2972 τὸν
1465 2911 1580 2974 Ἱππον-

406 3021 501 3093 ρῖνον,
518 3025 549 3079 et
574 3014 740 3080 duscnrtl
764 3013 1008 3104 Agamemnone
1032 3015 1117 3077 1395
1137 3011 1241 3093 τρίτνν
1268 3011 1466 3090 ἐπενδίδωμι,
1491 3024 1581 3080 etex

407 3118 609 3207 sequioribus
638 3119 725 3184 ποιίει
758 3144 798 3197 με
829 3119 882 3183 nni
914 3115 1030 3195 ἕποίγει
1052 3115 1197 3196 δευτέρον
1217 3126 1248 3180 et
1267 3114 1387 3196 τροιύείς
1407 3117 1450 3188 είς
1469 3118 1579 3199 οίμφύ-

407 3245 483 3302 τεροι
510 3222 553 3298 τοὶ
577 3222 701 3302 νύνοοτοι
724 3223 777 3286 nni
804 3221 909 3303 τρίτην
938 3221 1067 3298 λοιβύν,
1094 3219 1210 3310 quihus
1230 3217 1312 3285 adde
1333 3219 1582 3288 Dtttosruttrttttt

408 3326 450 3390 de
476 3327 517 3393 F.
537 3326 578 3393 L.
605 3351 638 3417 p.
660 3330 743 3403 403,
769 3330 797 3391 4.
827 3325 925 3403 ξοοίυει
955 3325 1041 3390 κοντοὶ
1070 3332 1125 3391 τοῦ
1145 3328 1237 3391 νύπου
1266 3325 1406 3400 πολλούς,
1425 3337 1457 3392 et
1479 3326 1578 3395 durt-

408 3449 548 3499 rusumr
573 3432 699 3498 Aruns.
728 3430 778 3497 VI.
802 3455 835 3521 p.
861 3433 935 3508 225.
961 3447 989 3494 c.

525 3618 529 3626 Ι
631 3534 710 3613 ἦσοον
733 3538 764 3602 δὲ
788 3535 935 3614 πλυνοί,
962 3535 1084 3615 κοιρίοον
1107 3537 1134 3601 δ’
1158 3536 1319 3618 είλνφένοοι

632 3641 725 3720 δύξοιε
749 3641 948 3707 κοιτοιπίπτει
973 3641 1025 3706 nni
1051 3648 1245 3723 λιποψυχεῖν
1269 3643 1360 3708 δοκῶν

633 3745 732 3812 ἔκειτο
756 3746 842 3828 μεπύο
865 3753 925 3813 τῶν
950 3747 1075 3828 ίχύύιον.

408 3872 490 3941 quae
507 3852 743 3941 praemittenda
762 3875 829 3918 esse
850 3852 974 3942 putari,
992 3865 1028 3918 ut
1047 3845 1293 3917 emendarentur
1310 3851 1391 3930 Ioci,
1409 3853 1443 3916 in
1463 3852 1580 3943 quibus

408 3979 445 4022 ea
474 3956 629 4046 loquendi
657 3958 857 4024 consuetudo
884 3982 902 4023 a
923 3959 1028 4025 sciolis
1049 3959 1240 4048 interpolata
1260 3981 1327 4023 esse
1347 3949 1427 4022 milri
1449 3958 1581 4024 ridetur.

409 4060 562 4152 Meropen
598 4065 683 4155 apud
717 4065 952 4131 Paurancuuu
983 4065 1072 4130 Tom.
1099 4062 1142 4128 II.
1173 4087 1204 4153 p.
1232 4067 1308 4134 998.
1337 4083 1365 4129 u.
1394 4086 1458 4129 nou
1485 4063 1581 4130 credo

409 4167 621 4236 exclamasse:

654 4274 844 4357 Ὀσιοντὲροον
869 4276 904 4351 δίο
925 4277 1010 4353 τήνδ’
1033 4275 1094 4354 ἑνί.-
1117 4274 1224 4353 δίδοιμι
1248 4274 1293 4339 σο)
1373 4289 1379 4298 ’

651 4380 793 4460 πλνγύν.

408 4485 460 4572 (ut
478 4505 584 4574 neque
600 4485 745 4552 Electra:
769 4493 896 4564 ποοῖσον,
916 4486 942 4550 εί
964 4484 1091 4563 olineto,
1111 4483 1223 4558 διπλῆν
1240 4483 1400 4572 πληγήν),
1424 4483 1479 4549 sed
1497 4497 1579 4560 πλυ-

292 4665 303 4679 ,
409 4591 469 4667 γήν
491 4590 532 4655 ab
552 4591 662 4683 aliquo
681 4593 800 4658 lectore
821 4589 1026 4680 adscriptum.
1072 4587 1228 4656 Similiter
1248 4588 1359 4653 Petro
1379 4571 1583 4679 delegitur

410 4692 465 4759 XI.
484 4721 516 4785 p.
536 4700 612 4767 914.
633 4719 664 4768 s.
682 4723 747 4766 uon
767 4697 895 4766 ridetur
911 4695 990 4762 mihi
1010 4693 1169 4785 scripsisse
1187 4691 1312 4765 πολλὰς
1330 4695 1460 4774 πλυνούς
1481 4716 1582 4772 nert-

1199 4819 1310 4887 teos
