3767 5717
990 628 1054 693 26¹8

431 850 530 892 νεται.
579 823 684 890 Locus
702 824 727 889 is
748 822 864 913 legitur
882 843 914 912 p.
935 825 1017 888 467:
1040 819 1197 891 habemus
1215 820 1420 914 superstitem
1442 825 1609 892 meliorem

432 930 577 998 codicem
600 930 645 1009 A,
669 931 701 996 in
722 951 788 1019 quo
807 940 871 994 est:
896 925 940 1002 οἷς
964 929 1106 1010 βλοέψειν
1127 931 1211 1008 ὑμᾶς
1232 929 1248 993 ὃ
1271 929 1360 1008 νόμος
1378 931 1553 1018 φαίνεται,
1573 933 1608 999 in

430 1037 563 1102 caeteris
590 1049 640 1102 ost
667 1033 710 1108 οἷς
735 1035 774 1101 όιν
798 1035 812 1098 ὃ
837 1033 926 1112 νόμος
952 1032 1094 1116 βλοέψειν
1120 1035 1203 1126 ὑμεῖς
1226 1035 1395 1117 φαίνεται,
1429 1036 1546 1103 deinde
1568 1061 1607 1104 ex

431 1141 596 1207 Isocms
615 1143 646 1206 έν
663 1142 705 1221 τῷ
725 1138 792 1220 περὶ
811 1137 1024 1210 Ἀντιδόσεως·
1049 1137 1219 1217 ήγοόμενος
1244 1140 1278 1203 έκ
1298 1144 1352 1204 τοῦ
1370 1151 1533 1222 παραινεῖν
1543 1145 1608 1218 Ῑτήν

430 1271 466 1311 τε
490 1245 625 1312 διοένοιαν
648 1247 703 1320 τήν
723 1243 837 1309 ἐκείνου
861 1242 990 1321 μόλιςοι
1014 1241 1052 1308 ou
1079 1246 1253 1326 ὠφελήσειν
1275 1245 1328 1310 καὶ
1353 1247 1405 1312 τόν
1423 1246 1533 1328 τρόπον
1554 1248 1608 1312 τόν

433 1352 573 1428 ἐμαυτοῦ
598 1351 756 1427 δηλώσειν.
805 1347 845 1412 ln
864 1347 1029 1413 lsocrrsrc
1050 1359 1137 1414 recte
1159 1348 1275 1437 legitur
1294 1345 1407 1427 μόλις’
1421 1352 1608 1432 ὠφελήσειν.

434 1459 527 1544 069.
555 1480 587 1547 p.
607 1459 685 1522 342.
730 1454 893 1544 Perticipii
921 1454 1025 1519 futuri
1056 1475 1130 1520 cum
1158 1452 1197 1519 όν
1233 1453 1397 1520 coniuncti
1426 1454 1611 1545 exemplum

432 1562 523 1626 effert
554 1585 588 1651 p.
611 1566 676 1628 128
705 1581 742 1625 cx
768 1559 930 1626 Isocnffl
961 1559 1038 1624 hoc:
1069 1559 1155 1638 μετόν
1179 1559 1350 1637 μέλλοντος
1375 1559 1552 1640 Ἰσοκράτης
1577 1562 1608 1626 έν

429 1669 473 1750 τῷ
494 1666 562 1747 περὶ
587 1675 643 1742 τής
668 1665 863 1738 οέντιδόσεως·
888 1668 949 1746 οὐχ
974 1667 1012 1736 ὡς
1034 1667 1095 1743 οὐχ
1121 1664 1212 1739 ήδέως
1237 1661 1275 1728 ἄν
1299 1666 1388 1729 τινών
1414 1688 1474 1743 μου
1503 1689 1607 1730 κατα-

431 1771 648 1854 ψευσομένων,
680 1770 713 1834 in
735 1768 899 1837 Isocorrr
921 1773 938 1854 §
964 1773 1026 1835 100
1047 1769 1168 1835 sincere
1189 1780 1221 1835 et
1240 1768 1343 1859 probe
1363 1769 1460 1836 lectio
1480 1781 1527 1836 est
1547 1795 1606 1836 κα-

430 1869 693 1958 ταψευσαμένου.
730 1873 825 1941 Ιωέο
847 1874 1015 1965 scriptore,
1034 1897 1099 1964 quo
1118 1883 1185 1940 oon
1202 1871 1356 1952 hebemus
1376 1873 1476 1939 ullum
1494 1897 1608 1940 emen·

431 1979 608 2060 sicciorem,
639 1980 689 2067 (ut
718 1980 825 2070 pauci
840 1993 915 2046 sunt
936 1978 1070 2048 Codices
1089 1980 1281 2070 praestantia
1306 1992 1338 2046 ct
1361 1979 1420 2046 fide
1438 2001 1512 2046 cum
1533 1979 1605 2060 Iso-

415 2068 552 2153 'ccmo
586 2085 750 2159 Urbr'nole
781 2084 1001 2176 comparendi)
1018 2107 1148 2176 operes
1166 2085 1306 2177 pretium
1327 2098 1374 2152 est
1397 2085 1522 2164 videte,
1551 2085 1610 2151 ubi

431 2215 505 2258 rere
534 2202 566 2255 et
594 2191 725 2279 antiqua
753 2191 911 2281 scriptura
939 2190 1140 2280 perdurarit,
1165 2192 1220 2257 ubi
1246 2193 1412 2260 obscurata
1433 2191 1531 2259 fuerit
1551 2191 1607 2258 scd

429 2301 464 2364 in
482 2299 641 2386 integrum
658 2297 818 2375 restituta,
833 2297 974 2387 denique
995 2297 1051 2362 ubi
1066 2297 1195 2388 perierit
1215 2309 1247 2364 et
1264 2299 1296 2364 in
1317 2299 1422 2364 lucem
1443 2297 1606 2388 vitemque

429 2402 607 2470 revocanda
627 2403 678 2467 sit.
726 2403 864 2468 Emersit
887 2404 920 2468 in
942 2405 1106 2495 Philippo
1123 2409 1141 2492 §
1160 2407 1214 2472 92.
1238 2404 1404 2488 φαίνονται
1430 2405 1607 2486 κρατήσαν-

429 2535 483 2583 τες
505 2508 556 2574 όιν.
590 2514 607 2598 0
633 2511 705 2575 109.
728 2509 891 2586 τόνοὶξέως
915 2509 954 2575 όιν
979 2510 1151 2586 δυνηόέντα
1168 2511 1383 2591 διαλεχθῆναι.
1419 2513 1436 2596 0
1461 2513 1534 2574 110.
1553 2509 1605 2574 τόν

430 2615 525 2693 λόγον
557 2613 693 2697 ήσόόμην
723 2613 886 2679 διπλήσιον
913 2614 951 2680 tv
977 2615 1153 2694 γενόμενον.
1191 2619 1208 2702 0
1233 2621 1309 2682 135.
1332 2616 1406 2689 έδοις
1437 2616 1464 2681 δ’
1489 2615 1527 2681 όιν
1551 2615 1604 2682 καὶ

430 2725 490 2785 τῶν
520 2720 642 2804 ἰδιωτῶν
671 2718 742 2790 τοὺς
773 2718 1004 2792 ε’πιεικεςοέπους
1034 2721 1137 2809 [ὑπὲρ]
1167 2721 1267 2788 όιλλου
1292 2723 1349 2801 μέν
1372 2723 1489 2794 οὐδενὸς
1510 2719 1548 2786 ἂν
1570 2720 1606 2788 τό

430 2826 484 2908 ζήν
507 2821 887 2901 ἀντικαταλλαξαμένους
913 2822 997 2912 (dele
1017 2825 1123 2910 ὑπέρ),
1157 2826 1189 2890 in
1212 2827 1467 2892 Panathenaico
1492 2831 1509 2913 §
1532 2827 1605 2891 135.

429 2939 494 3003 τοῖς
518 2930 575 3009 μὲν
598 2928 689 3004 ήδέως
712 2926 751 2992 όιν
775 2927 958 2994 ἀκούσωσιν.
993 2935 1010 3018 0
1034 2933 1108 2995 157.
1132 2932 1332 3011 κρατήσασαι
1353 2930 1459 3015 ῥηιδίως
1483 2930 1522 2995 or
1546 2931 1603 2995 αὒ-

429 3039 496 3099 τοῦ.
544 3029 712 3097 intercidit
743 3031 798 3096 sed
827 3032 1026 3122 postliminio
1056 3033 1152 3099 rediit
1181 3035 1215 3099 in
1245 3035 1530 3128 Areopagitico‘§
1553 3037 1604 3102 12.

364 3160 368 3167 ’
430 3136 592 3221 πολιτείαν
626 3135 682 3208 τήν
713 3136 800 3215 όρόῶς
833 3135 872 3200 όιν
906 3147 971 3211 τοῖς
1003 3138 1174 3221 πρήγμασι
1203 3141 1416 3223 χρησομένην,
1456 3141 1605 3210 Urbinas

432 3241 650 3321 χρησαμένηνο
685 3240 717 3304 in
746 3242 1002 3312 Panathenaico
1023 3249 1041 3332 §
1064 3249 1137 3314 184.
1163 3248 1347 3314 deversitor
1374 3248 1399 3312 δ’
1421 3245 1459 3312 όιν
1484 3249 1607 3324 τολμή-

430 3368 569 3419 σαντας,
603 3344 689 3411 idem
718 3346 802 3413 libor
830 3348 914 3413 mele
947 3353 1164 3430 τολμήσοντας
1193 3350 1331 3419 exhibet.
1377 3350 1415 3438 Io
1440 3349 1607 3416 Antidosi

430 3451 499 3536 07.
524 3447 660 3530 εὕρισκον
677 3454 818 3531 οὐδαμῶς
837 3453 876 3520 όιν
900 3454 1006 3528 ἄλλως
1027 3463 1117 3523 τοῦτο
1142 3457 1408 3539 διαπραξόμενος,
1430 3456 1515 3524 idem
1534 3457 1603 3524 διοι-

426 3553 634 3637 προιξόμενος.
693 3556 785 3624 Nihil
815 3560 925 3626 ausilii
954 3573 1001 3627 cst
1028 3562 1062 3628 in
1091 3561 1179 3628 libris
1210 3563 1244 3629 in
1271 3563 1477 3632 Archidamo
1505 3564 1522 3646 §
1550 3565 1604 3632 62.

429 3659 589 3740 ἐπέεοιμαι
608 3661 670 3743 pop
691 3665 882 3743 πρῶτονμὲν
902 3666 1082 3742 ’Λόηναέους
1098 3705 1136 3718 -
1150 3668 1248 3734 ὁτιοῦν
1266 3668 1305 3735 ἂν
1324 3670 1507 3744 ποιήσοντας
1531 3668 1603 3759 (pro

316 3837 319 3844 ¹
429 3765 654 3852 ποιήσαντας),
673 3763 786 3833 ἔπειτα
806 3775 864 3834 τῶν
879 3767 986 3836 ἄλλων
1006 3771 1125 3838 πόλεων
1148 3771 1211 3842 έτιν
1229 3771 1268 3846 όις
1287 3773 1396 3853 ὁμοίως
1419 3773 1457 3842 όιν
1473 3811 1515 3826 ‹-
1530 3774 1604 3852 βον-

405 3870 623 3962 Ιλευσομένας
646 3870 961 3970 (βουλευσαμένοις),
990 3875 1034 3943 έτι
1064 3879 1095 3944 δέ
1122 3877 1280 3945 Διονύσιον
1306 3880 1359 3946 καὶ
1385 3880 1456 3952 τοὺς
1486 3879 1603 3954 ἄλλους·

430 3973 567 4047 δυνοέςας
585 3974 744 4054 προθύμως
761 3974 799 4039 to
815 3979 889 4056 ἡμῖν
906 3981 1163 4062 ἐπικουρήσοντας
1182 3982 1494 4074 (ἐπικουρήσοντας),
1514 3997 1546 4054 ct
1564 3985 1605 4051 de

427 4079 523 4144 Pace
550 4083 640 4165 081.
672 4080 715 4144 τό.
745 4081 802 4159 μὲν
827 4083 1004 4164 πικρότατα
1029 4087 1081 4154 καὶ
1108 4087 1222 4166 patrer
1248 4087 1286 4154 όιν
1312 4091 1396 4168 ὑμᾶς
1422 4092 1604 4168 λυπήσονται

430 4184 640 4265 παραλείψω,
674 4207 740 4275 quo
761 4185 853 4265 loco,
882 4190 994 4280 siquo
1016 4191 1099 4271 alio,
1131 4194 1241 4259 sentiri
1260 4205 1368 4286 potest
1388 4218 1484 4285 quam
1509 4197 1603 4262 abso·

430 4309 511 4352 num
536 4288 577 4354 sit
606 4290 638 4354 in
658 4314 696 4356 ea
715 4313 749 4356 re
769 4293 930 4373 futurum,
953 4309 984 4362 et
1005 4321 1070 4388 quo
1089 4299 1158 4366 iure
1176 4300 1210 4366 in
1232 4285 1605 4370 Lucuro'correxerunt

428 4392 727 4475 όονὲμποιήσαντας
750 4399 864 4465 eodem
887 4401 965 4469 olim
985 4403 1023 4470 όιν
1045 4407 1238 4483 λυπήσοιντα
1266 4407 1425 4479 [80011111
1443 4407 1606 4478 redditum

428 4499 581 4592 oportuit.
628 4501 666 4568 ln
689 4509 706 4591 §
727 4507 781 4570 34.
810 4505 924 4582 ἄδηλον
956 4508 1049 4577 ὁπότε
1074 4534 1121 4584 τις
1148 4513 1261 4586 έπιςόις
1292 4515 1479 4596 κοιμώμενον
1502 4539 1604 4583 ιιιιποι-

429 4603 560 4679 σποέοας
582 4609 646 4675 ent
672 4616 729 4683 τῆς
755 4608 885 4688 οὶμνέξης
908 4614 1103 4694 φονεύσειεν,
1139 4615 1313 4684 ridiculum
1342 4629 1390 4684 est
1417 4619 1606 4702 φονεύσειεν.

428 4707 513 4794 Quid
542 4714 696 4804 scriptum
727 4716 806 4798 olim
828 4717 924 4784 fuerit
946 4732 977 4786 et
999 4723 1272 4822 quemadmodum
1293 4726 1332 4792 sit
1355 4725 1476 4794 Graece
1496 4724 1608 4794 huius-
