3767 5717
1007 604 1049 667 ld

432 785 583 872 pontiore
596 789 731 847 veteram
742 778 869 845 tectione
884 790 1025 864 arreptos
1039 786 1069 843 ec
1080 778 1195 857 sordm,
1208 800 1286 865 quoe
1297 780 1443 846 oeoecoli
1454 781 1507 847 eui
1518 792 1619 849 conto·

434 893 524 981 piene
535 896 712 961 trecorum,
738 893 775 951 ut
792 885 972 952 rectissime
989 884 1111 951 iudicat
1124 885 1250 951 Kronios
1262 885 1302 951 ad
1317 886 1487 953 bewesruu
1499 906 1529 973 p.
1544 893 1621 955 bel.

482 998 622 1081 Apparet
656 1010 694 1057 ex
723 991 773 1056 bis
807 1009 903 1076 quem
936 1010 1053 1075 anceps
1084 998 1115 1055 et
1145 990 1296 1076 ambigua
1323 1010 1375 1057 res
1406 990 1449 1057 sit
1479 1002 1623 1061 statuere

434 1110 547 1172 tttruan
570 1097 738 1184 scriptoris
759 1116 801 1161 an
822 1094 947 1163 librarii
967 1114 1109 1160 errorem
1126 1094 1384 1181 deprehenderis.
1432 1097 1523 1163 Sitne
1543 1098 1623 1167 bene

439 1208 590 1278 &aarum
609 1223 651 1269 en
679 1220 742 1270 uon
763 1201 808 1267 sit
831 1220 1008 1285 numquam
1032 1200 1098 1267 lere
1120 1220 1189 1267 esse
1213 1209 1315 1285 potest
1339 1202 1517 1269 dubitatio:
1542 1204 1621 1290 quid

432 1312 530 1378 Attici
553 1311 615 1395 ipsi
645 1305 732 1383 soliti
755 1305 876 1371 luerint
905 1307 937 1371 in
962 1324 1090 1391 queque
1120 1326 1155 1373 re
1186 1304 1292 1373 dicere
1318 1309 1396 1373 sciri
1419 1316 1524 1395 potest
1547 1318 1621 1375 ete

434 1413 676 1486 meritis-:vitiis
694 1410 882 1487 ‚Codicum
917 1411 1232 1489 Grammaticorum,
1274 1412 1445 1481 Editorunr
1475 1414 1574 1480 veluti
1603 1436 1621 1481 e

432 1523 536 1589 scoria
564 1534 684 1605 purum
707 1525 822 1602 putum
846 1536 962 1583 aurum
988 1519 1129 1583 excerni.
1179 1516 1231 1582 Sic
1248 1516 1350 1602 igitur
1373 1521 1489 1585 vitium
1518 1522 1620 1586 mani-

433 1619 553 1692 lestum
568 1630 729 1698 tenetur,
763 1620 796 1687 id
820 1623 991 1707 quaeritur
1011 1623 1118 1687 utrius
1153 1620 1347 1707 negligentia
1375 1625 1418 1687 sit
1442 1635 1618 1710 peccatum.

432 1730 552 1797 Videor
587 1726 667 1796 anibi
695 1727 854 1812 reperisse
884 1729 1063 1803 rationem,
1087 1744 1150 1811 qua
1174 1728 1343 1793 Atticistee
1377 1729 1471 1814 paulo
1494 1730 1618 1817 elegen·

432 1837 533 1901 tiores
561 1834 674 1902 multis
706 1832 869 1899 erroribus
893 1832 1014 1899 absolvi
1042 1832 1184 1917 possint,
1221 1852 1300 1918 quos
1335 1834 1367 1897 in
1400 1835 1522 1901 scribas
1549 1858 1619 1905 esse

432 1938 672 2015 transferendos
693 1939 741 2004 sic
762 1938 843 2003 mibi
867 1937 997 2023 quidem
1027 1937 1224 2023 persuadeo:
1260 1947 1429 2024 praecepta
1454 1943 1618 2009 Atticista·

431 2066 505 2119 rum
519 2090 540 2122 ‚.
552 2052 590 2108 ut
612 2062 710 2129 supra
726 2042 894 2120 dicebam,
912 2064 975 2109 non
992 2043 1074 2109 baua
1092 2044 1157 2109 vim
1179 2043 1357 2119 habebant,
1384 2053 1418 2109 ut
1438 2066 1476 2111 ex
1496 2048 1536 2117 iis
1553 2048 1617 2115 dia-

430 2152 535 2217 lectus
559 2150 661 2215 Attico
682 2158 952 2234 cognosceretur,
978 2149 1033 2215 sed
1058 2157 1093 2215 ut
1119 2150 1277 2215 sermonis
1303 2150 1506 2234 popularium
1540 2154 1617 2219 vitia

432 2267 466 2323 et
500 2254 694 2340 negligentia
711 2295 734 2330 ,·
754 2254 794 2319 ad
825 2254 1062 2322 Atheniensium
1097 2256 1316 2339 incorruptam
1352 2259 1616 2327 consuetudinem

434 2371 564 2439 exacte,
588 2366 780 2446 apparerent
802 2367 832 2425 et
856 2362 1107 2444 corrigerentur.
1155 2360 1319 2425 ctamosns
1340 2370 1388 2427 est
1411 2362 1442 2427 iu
1467 2382 1503 2427 ea
1526 2382 1560 2429 re
1583 2373 1616 2429 et

430 2468 603 2554 plagosae,
626 2466 757 2550 opinor,
779 2463 845 2529 luit
863 2464 1076 2540 Pnurerceus,
1100 2466 1155 2550 qui
1181 2465 1227 2529 ita
1248 2464 1347 2531 solet:
1372 2467 1516 2547 ἐσχάτως
1543 2466 1612 2532 cild-

429 2594 539 2652 κιμυν,
573 2569 830 2648 nectentem,
861 2570 1018 2647 κακιτιν,
1050 2570 1196 2651 ἐσχάτως
1231 2566 1405 2653 βάρβαρα,
1441 2572 1614 2654 ἀποτρέπου

428 2678 555 2757 λέγειν,
575 2675 826 2757 ἐνεκαλυψάμην
851 2674 921 2756 δρῶν
945 2696 976 2761 p.
991 2680 1059 2751 69,
1080 2676 1094 2741 ὃ
1115 2681 1205 2741 τοῦτο
1229 2675 1331 2752 λέγων
1361 2685 1450 2758 ληρεῖ
1471 2698 1501 2763 p.
1531 2680 1615 2754 157,

428 2785 599 2877 ἕναυτίαυκ
623 2785 714 2851 ’ταῦτ’
749 2780 887 2855 ἀκούσαι
917 2801 953 2865 p..
976 2785 1070 2859 194,
1100 2789 1156 2847 aut
1197 2781 1326 2854 ναυτίαις
1364 2780 1449 2859 ἄξιον
1480 2781 1616 2862 τοῦνομα

427 2910 459 2977 p.
473 2894 561 2962 226¹,
585 2896 643 2956 ant
674 2887 802 2953 similia.
850 2886 968 2954 bloeets
993 2885 1184 2953 clementius
1204 2886 1271 2971 agit
1293 2894 1324 2951 et
1344 2886 1535 2969 benignius,
1561 2888 1617 2954 sed

427 2995 579 3081 quoniam
611 3000 695 3057 tecte
717 2999 750 3056 et
771 2991 936 3057 lenissime
960 2991 1142 3077 aequalium
1159 2990 1238 3057 vitia
1267 2992 1389 3077 arguit,
1418 2991 1539 3057 lactum
1567 3002 1617 3061 est

426 3108 466 3165 ut
491 3098 569 3185 quid
603 3098 805 3184 potissimum
841 3103 994 3181 agereta
1012 3096 1125 3164 multis
1159 3116 1221 3163 non
1244 3098 1325 3165 eatis
1348 3097 1615 3167 animadvertere·

425 3215 491 3271 tur.
540 3204 622 3285 Quid
655 3204 740 3268 inter
771 3210 948 3289 utrumqne
979 3204 1170 3287 magistrum
1203 3205 1360 3269 sermonis
1390 3205 1539 3282 intersit,
1572 3206 1617 3271 ita

428 3311 614 3379 ostendam:
650 3308 771 3375 indocti
802 3308 917 3374 ἰδιῶται
952 3307 1101 3373 dicebant
1128 3308 1364 3389 desertionem,
1393 3311 1470 3396 qula
1497 3311 1616 3377 nescie-

428 3418 507 3485 bant
537 3417 650 3496 ατειριι
681 3434 751 3481 esse
785 3413 970 3481 dicendum,
1016 3414 1062 3479 Ea
1090 3433 1163 3488 res,
1190 3432 1287 3499 quam
1316 3434 1403 3479 nunc
1431 3418 1523 3501 pueri
1553 3436 1615 3481 non

430 3523 596 3598 nesciunt,
609 3537 771 3607 quemque
787 3520 932 3586 omnium
950 3526 1095 3588 ueterum
1114 3538 1192 3585 usus
1212 3527 1386 3604 perpetuus
1398 3521 1614 3599 demonstrat,

430 3630 507 3697 olim
539 3626 744 3698 solis-doctis
760 3633 831 3691 erat
858 3633 933 3693 nota
963 3633 998 3691 et
1018 3624 1128 3691 sedulo
1154 3623 1193 3689 ab
1216 3624 1257 3689 iis
1281 3624 1471 3694 inculcatur.
1519 3625 1617 3705 Quid-

431 3735 511 3824 quid
541 3735 580 3801 de
610 3752 645 3801 ee
674 3752 710 3797 re
736 3730 816 3796 seiri
838 3738 940 3816 potest
965 3730 1135 3797 collectum
1160 3737 1210 3795 est
1237 3748 1256 3794 a
1278 3728 1387 3797 limato
1418 3730 1457 3797 ad
1481 3731 1617 3797 Dewesn

431 3842 485 3908 M.
507 3840 539 3905 0.
564 3860 596 3925 p.
612 3842 686 3906 126.
717 3835 823 3903 Unum
852 3836 981 3904 addam:
1003 3837 1125 3901 Pomon-
1145 3834 1318 3918 diligenter
1337 3837 1428 3903 docet
1448 3837 1617 3903 Conuenae

429 3945 610 4033 principem
641 3942 732 4009 verbi
767 3941 963 4023 κατέρχομαι
1000 3938 1147 4008 luterum
1179 3958 1247 4005 esse
1277 3942 1425 4021 κατειρυ,
1461 3963 1501 4008 ne
1535 3942 1616 4007 forte
1738 3966 1741 3995 ι

430 4058 527 4116 erret.
560 4049 617 4117 ltl.
653 4046 688 4136 §.
710 4052 775 4125 95,
798 4046 989 4127 κατέρχεται
1020 4044 1072 4111 καὶ
1103 4042 1241 4109 κάτεισιν
1273 4047 1324 4111 ἐντὶ
1360 4054 1414 4113 τοῦ
1445 4048 1615 4127 μέλλοντος

429 4155 549 4237 χρόνου.
597 4153 685 4222 Idem
710 4152 812 4238 igitur
831 4152 1024 4217 Peenameus
1045 4157 1077 4217 et
1101 4150 1217 4217 Morere
1241 4148 1388 4219 docuere.
1425 4153 1617 4216 Peenameus

427 4263 477 4327 siu
504 4282 534 4347 p.
565 4264 628 4327 57:
662 4257 959 4335 αττελεύτιμαιε
996 4255 1185 4321 exertiorem
1216 4253 1409 4339 φυλάττου,
1453 4255 1524 4319 οὔτε
1552 4254 1615 4334 γὰρ

427 4370 453 4435 οἱ
477 4367 593 4445 δόκιμοι
623 4366 742 4447 ῥήτορες
768 4361 838 4428 οὔτε
858 4365 876 4437 tl
897 4362 1022 4443 dexerim
1045 4360 1188 4443 κωμῳδία
1212 4363 1282 4427 οὔτε
1306 4359 1440 4425 Πλάτων
1463 4360 1614 4439 κέχρηται

426 4483 466 4556 τῇ
489 4479 598 4556 φωνῇ,
633 4469 703 4535 αντὶ
738 4469 770 4534 δὲ
797 4470 892 4533 αὐτοῦ
925 4470 967 4549 τῷ
1000 4466 1137 4547 deripe
1169 4476 1234 4549 χρῶ
1267 4468 1319 4531 καὶ
1355 4473 1418 4537 τοῖς
1450 4463 1616 4543 ὁμιειδέσιν

425 4577 584 4648 ὡσαύτως.
610 4572 981 4651 ἐτιξελευτόιιινιςτ
1005 4572 1103 4649 ἄλλος
1126 4571 1212 4646 αὖτις
1235 4577 1391 4653 Ἡρακλῆς
1430 4571 1490 4659 (sie
1510 4569 1615 4656 legen-

425 4681 536 4771 dum),
560 4678 707 4749 τιῦτύὖν
732 4678 834 4763 ἔσυρεν
857 4678 892 4744 ἐκ
916 4678 1031 4762 τριόδου
1059 4681 1255 4761 Φαβωρῖνος,
1278 4680 1339 4760 χρὴ
1364 4678 1427 4761 γὰρ
1452 4676 1620 4755 ἐπεξιὼν
1740 4726 1741 4749 ,
