3767 5717
853 606 919 671 267

296 803 363 875 sobe
391 801 431 868 ἀν
459 798 564 885 φόβον
593 802 837 882 ἕμτοιιὶοοντοιςι
870 821 968 892 quem
997 809 1062 866 tam
1087 819 1181 890 saepe
1210 797 1297 864 docti
1324 795 1470 864 homines

293 907 430 973 nimium
457 908 619 999 patienter
646 909 788 975 tulerunt
815 906 1056 986 soloecismum,
1085 927 1123 970 er
1146 903 1301 973 hocloco
1322 903 1468 970 certatim

292 1014 489 1079 sustulerunt
516 1014 654 1104 reposito
678 1015 926 1093 ἐμποιήσαντας.
974 1008 1147 1100 Magistelli
1171 1005 1469 1099 Constantinopoli·

292 1120 359 1184 tani
388 1119 517 1211 decepti
546 1120 701 1187 Codicum
729 1121 812 1186 vitiis
832 1118 1030 1184 imbiberunt
1053 1116 1236 1207 opinionem
1261 1117 1407 1182 voculam
1425 1115 1464 1182 ἀν

291 1244 368 1289 cum
385 1224 501 1290 futuris
520 1238 607 1291 recte
622 1227 790 1316 coniungi,
808 1248 1006 1317 quamquam
1024 1247 1088 1290 uou
1110 1222 1295 1288 nesciebant
1313 1245 1383 1287 eam
1398 1243 1467 1288 rcm

292 1349 368 1394 oum
399 1329 685 1398 Grammaticorum
718 1345 861 1397 aetorum
895 1332 1040 1396 doctriua
1073 1351 1233 1420 pugnare:
1267 1328 1281 1392 ὁ
1318 1328 1376 1407 μὲν
1408 1332 1468 1392 τῶν

292 1445 527 1517 γραμματικῶν
556 1441 653 1504 κοινινν
683 1441 737 1504 οὐκ
763 1438 940 1520 ἐπιτρέπει,
974 1437 1061 1518 τιαρά
1087 1444 1153 1509 τοῖς
1180 1433 1325 1516 ἀρχαίοις
1355 1433 1386 1497 δὲ
1413 1433 1468 1498 οὐκ

196 1617 200 1621 ‚
245 1582 251 1592 ·
293 1540 392 1618 ὀλίγα
419 1541 672 1623 παραδείγματα
693 1542 886 1623 εὑρίσκεται,
907 1541 1017 1607 scribit
1037 1539 1290 1631 magistellusiu
1314 1538 1470 1607 baasam
1551 1523 1558 1534 ⁹

291 1643 472 1711 Anecdots's
500 1647 569 1730 περὶ
591 1647 768 1726 τνντάξεως
791 1648 938 1738 imperite
958 1648 1115 1714 nonnulla
1136 1645 1316 1736 scriptitans
1333 1667 1366 1733 p.
1390 1646 1466 1710 127.

292 1748 328 1814 Si
356 1771 452 1840 quem
481 1750 572 1818 lubet
596 1752 705 1819 ridere
727 1753 767 1818 ad
788 1766 922 1844 quantas
942 1754 1078 1844 ineptias
1097 1752 1152 1817 isti
1169 1747 1340 1839 magistelli
1359 1747 1468 1812 delabi

290 1857 474 1948 potuerint,
503 1871 661 1948 quantum
690 1860 835 1924 inscitiae
861 1872 894 1926 et
921 1858 1086 1925 socordiae
1111 1857 1146 1923 in
1171 1855 1236 1922 illis
1263 1867 1330 1919 tum
1352 1852 1468 1931 fuerit,

290 1963 349 2053 qui
378 1963 457 2029 alios
491 1962 644 2030 Graecam
676 1964 818 2054 linquam
842 1977 983 2031 veterem
1016 1964 1187 2040 docerent,
1210 1960 1359 2049 inspiciat
1388 1957 1470 2024 mihi

291 2068 388 2134 istum
407 2068 477 2151 τεο)
501 2071 677 2148 τνντάξεος
697 2070 878 2137 libellum·
903 2069 964 2136 Vol
986 2071 1059 2137 satis
1078 2069 1138 2136 erit
1159 2068 1329 2158 inspexisse
1349 2089 1398 2132 rr.
1419 2065 1468 2130 ai·

291 2179 425 2253 τιάμαι,
454 2175 648 2255 ἀποδίδωμι,
682 2179 776 2262 αἰτῶ,
804 2178 1024 2258 ἀφικνοῦμαι,
1058 2177 1232 2255 ἁμαρτεῖν,
1263 2171 1468 2252 ἀτονειόομαι

290 2291 325 2346 et
346 2279 516 2362 ἀφικόμην
544 2290 577 2345 et
606 2280 759 2372 pudebit,
796 2282 926 2372 opinor,
959 2281 992 2346 in
1021 2293 1187 2371 posterum
1216 2277 1273 2343 tali
1303 2288 1382 2344 teste
1411 2274 1468 2341 uti.

292 2386 505 2466 ἀφικνοῦμαι,
528 2384 656 2475 inquit,
681 2390 774 2476 regit
798 2390 984 2475 genitivum
997 2407 1009 2462 ‚·
1035 2408 1118 2452 nora
1143 2397 1174 2449 et
1194 2383 1337 2448 inaudita
1355 2404 1405 2448 res
1424 2391 1472 2446 est

292 2500 326 2553 ct
345 2487 480 2552 absurda
502 2489 540 2554 iis
561 2492 710 2578 quidem,
741 2490 859 2581 quibus
879 2491 967 2582 quod
990 2492 1060 2556 fieri
1080 2513 1146 2555 non
1168 2501 1274 2579 potest
1293 2509 1471 2577 numquam

291 2615 358 2660 esse
388 2592 510 2660 factum
543 2596 683 2676 ridetur3
718 2608 750 2661 at
779 2598 926 2686 exemplo
956 2597 1050 2661 istam
1080 2596 1259 2662 doctrinam
1292 2595 1473 2661 confirmat.

292 2693 418 2788 Nempe
436 2697 532 2789 apud
549 2699 681 2766 limnas
697 2700 843 2767 Casama
863 2704 947 2766 libro
959 2699 1107 2767 XXXlX.
1128 2701 1214 2792 [cap.
1226 2701 1284 2789 24]
1307 2704 1470 2790 scriplum

290 2812 361 2884 eol,
384 2803 510 2895 inquit,
534 2807 683 2872 διαλιπὼν
708 2805 739 2872 δὲ
761 2807 813 2872 καὶ
834 2809 864 2879 ἐς
888 2807 1105 2886 ἀναλογισμὸν
1125 2815 1182 2883 τῆς
1204 2831 1239 2872 τε
1265 2808 1378 2871 ἑαυτοῦ
1398 2807 1470 2886 ἀρε-

289 2919 347 2986 τῆς
376 2911 429 2974 καὶ
455 2917 512 2985 τῆς
536 2916 596 2976 τῶν
621 2912 765 2976 ἐναντίαν
790 2910 906 2984 κακίας
934 2911 1180 2993 ἀφικνούμενος,
1213 2933 1296 3002 quae
1324 2910 1399 2976 satis
1421 2920 1470 2974 est

289 3016 508 3107 adscripsisse,
525 3027 611 3082 et‘cr
632 3037 697 3082 uno
718 3016 805 3081 disce
822 3015 939 3081 omnia.
963 3013 1005 3080 Et
1025 3015 1102 3108 istae
1122 3017 1314 3108 quisquiliae
1333 3026 1470 3081 aetatem

288 3124 433 3189 tulerunt
453 3121 580 3188 nullum
600 3121 701 3188 alium
719 3145 812 3188 usum
834 3121 988 3187 habentes
1011 3145 1107 3212 quam
1128 3135 1164 3188 ut
1185 3123 1354 3189 ostendant
1371 3143 1469 3210 quam

288 3229 379 3295 stulti
408 3229 615 3296 Grammatici
634 3229 765 3296 illorum
784 3238 967 3318 temporum
992 3227 1113 3293 fuerint
1133 3240 1165 3293 et
1185 3252 1282 3318 quam
1303 3225 1468 3319 depravati

290 3336 352 3400 iam
385 3346 453 3398 tnm
480 3330 615 3400 (lodices
637 3334 786 3400 Veterum
809 3334 1107 3413 circumferrentur,
1132 3336 1250 3425 quibus
1275 3333 1398 3400 mendis
1418 3331 1468 3396 illi

289 3439 472 3504 ioculariter
489 3439 741 3530 decipiebantur.
789 3439 954 3530 Quidquid
974 3442 1129 3529 scriptum
1150 3453 1214 3518 cst,
1231 3440 1467 3530 qualecumque

288 3554 355 3622 est,
382 3539 479 3608 habet
501 3540 598 3607 {idam
618 3555 650 3607 et
671 3543 752 3608 nibil
774 3542 885 3608 contra
906 3555 953 3613 est
975 3543 1007 3607 iu
1028 3565 1087 3608 usu
1108 3556 1140 3608 et
1159 3545 1282 3609 ratione
1304 3541 1467 3609 Graecita-

288 3649 331 3713 tis
360 3646 444 3736 apud
474 3645 550 3710 istos
572 3658 636 3710 tam
658 3649 789 3735 lirmqm
807 3658 839 3712 et
864 3661 1006 3726 certum,
1037 3647 1115 3737 quin
1137 3647 1337 3715 convellatur
1357 3647 1383 3712 si
1403 3669 1467 3736 qua

288 3771 413 3842 atquo
433 3748 554 3816 (lodice
574 3752 732 3841 scriptura
754 3752 886 3817 affertur
904 3753 969 3842 legi
990 3755 1156 3819 contraria.
1189 3754 1364 3831 Αἱτιῶμαι,
1386 3761 1467 3816 testa

288 3870 322 3924 et
337 3853 466 3922 auctore
480 3859 695 3923 lursrancuo
713 3856 1084 3949 Constantinopolitano,
1102 3859 1182 3949 regit
1198 3856 1355 3933 dativum,
1372 3879 1464 3922 nam·

289 3970 353 4054 qne
364 3963 397 4027 in
408 3961 567 4052 Epistola
580 3963 733 4028 Pulntrrl
746 3962 865 4052 legitur
879 3965 1052 4042 αἰτιώμεθα
1066 3965 1218 4040 ἀλλήλοις
1234 3963 1332 4051 [Dru.
1340 3989 1373 4056 p.
1385 3968 1463 4044 163,

291 4074 342 4135 14.
363 4069 420 4133 ubi
440 4079 526 4133 recte
546 4069 740 4156 ἀλλήλους],
758 4081 791 4132 et
811 4068 857 4132 sic
876 4079 944 4133 toto
966 4066 1048 4132 libro
1068 4067 1191 4133 ridebis
1209 4090 1283 4134 eum
1304 4093 1341 4134 er
1360 4067 1463 4135 mani·

287 4175 369 4241 leste
397 4174 578 4264 corruptela
604 4173 748 4238 insanam
776 4173 955 4240 doctrinam
985 4171 1123 4240 haurire.
1171 4174 1218 4240 lle
1240 4173 1398 4265 particula
1423 4173 1463 4238 ἀν

287 4280 367 4372 qnid
384 4281 500 4346 sentiat
520 4282 567 4368 (et
588 4280 666 4370 qnid
688 4279 836 4370 aequales
856 4281 1012 4346 senserint
1032 4301 1070 4346 ex
1087 4279 1145 4346 illo
1163 4282 1379 4370 cognoscitur)
1399 4282 1463 4346 iarn

286 4387 516 4479 praemisimus.
534 4379 690 4452 ι»Μαὶίοι
717 4397 796 4452 sunt
814 4389 967 4477 exemplo
987 4383 1083 4478 opud
1098 4396 1241 4465 valeres,
1266 4385 1386 4476 inquit,
1407 4387 1465 4449 udi

280 4495 461 4583 porticulo
476 4491 515 4556 ἀν
534 4489 683 4557 adsersus
705 4490 955 4557 Grammaticum
978 4513 1133 4558 canonem
1152 4515 1223 4557 eum
1233 4491 1372 4580 satoris
1387 4513 1464 4556 con·

289 4601 463 4689 abugilffl
492 4597 610 4664 deinde
637 4597 783 4689 exempla
812 4597 1014 4662 adnumerat:
1047 4596 1247 4676 Δημοσθένης
1271 4597 1302 4660 ἐν
1323 4596 1366 4677 τῷ
1390 4597 1464 4678 πρὸς

287 4702 583 4781 montiacensem
602 4704 676 4785 πρὸς
695 4711 824 4776 πολλοῖς
845 4699 888 4776 οἷς
907 4699 1053 4783 βλάψειν
1071 4699 1111 4766 ἂν
1135 4701 1219 4804 ὑμοῖςΙ
1239 4699 1254 4762 ὃ
1276 4698 1367 4783 νόμος
1385 4699 1464 4784 φαί-

1203 4816 1233 4856 οο
1244 4803 1259 4838 *
