3767 5717
870 557 933 620 119

292 733 374 812 μίνιι
399 733 452 802 καὶ
479 727 742 815 μεμελετημένα,
755 783 759 797 .
773 727 799 794 εί
823 723 952 796 καί’ὃ’σι
980 724 1106 808 μοίιιιςα
1130 731 1147 807 ἡ
1169 728 1381 810 ἀναισχυντία
1404 727 1481 796 οὖσα

289 838 428 917 ἐσοίμυνε
447 839 501 906 καί
509 844 605 920 χοῖροι
624 834 720 919 ὤρεγε
744 830 798 898 καί
821 831 1043 915 συνηγωνίζετο
1062 835 1169 916 αὐτῷ,
1193 831 1304 900 infelix
1328 841 1378 900 est
1405 834 1484 900 Bne·

294 964 367 1010 unni
383 945 571 1014 coniectura
581 936 794 1022 ἀναισχυντία
813 936 981 1025 σύντροφος
1004 935 1094 1007 οὖσα.
1126 936 1210 1021 Quid
1222 939 1324 1006 multa
1338 939 1350 1004 ί
1363 938 1485 1009 excidii

291 1065 361 1136 60,
399 1052 653 1135 ἧιίναισχυντία
689 1051 754 1126 ieie
779 1045 856 1119 οὖσα
869 1102 879 1131 ,
893 1071 947 1118 ex
980 1049 1150 1117 notissimo
1180 1048 1347 1134 proverbio
1378 1052 1479 1128 deberi

287 1162 431 1228 ἀναίδεια
454 1159 562 1224 Zenon.
584 1154 639 1222 IV.
663 1158 720 1222 56.
743 1161 777 1222 et
797 1154 959 1222 Μσιιιιιυκι
981 1155 1051 1222 ίοοο
1077 1152 1345 1242 κρυιίδτοιιικυιι
1368 1154 1481 1221 Florii.

293 1265 423 1351 xxxii.
447 1269 488 1331 7:

816 1361 839 1430 ὖ
862 1363 982 1444 papien
1005 1371 1064 1430 τῶν
1087 1365 1158 1431 θεῶν

477 1475 529 1538 νῦν
552 1464 629 1548 οὖσ’,
652 1467 809 1546 Ἀναίδεί,
831 1469 858 1534 εί
882 1469 947 1537 iaia
970 1475 1079 1534 καλεῖν
1101 1493 1136 1533 σε
1160 1468 1216 1534 δεῖ.

478 1574 586 1652 δεῖδὲ,
608 1574 646 1640 τὸ
667 1577 798 1656 κρατοῦν
821 1573 885 1656 γαρ
906 1577 959 1640 νῦν
978 1573 1136 1656 νομίζεται
1158 1572 1234 1649 θείς.

293 1680 349 1751 ubi
369 1678 596 1765 corrigendum
619 1680 684 1744 τᾶν
704 1697 761 1764 pro
781 1682 851 1757 νῦν,
874 1697 1071 1765 quamquam
1097 1699 1138 1746 ne
1161 1680 1208 1746 sio
1231 1676 1361 1764 quidem
1386 1678 1479 1746 babe-
1556 1683 1559 1688 “

291 1805 366 1854 anus
389 1773 549 1852 Μιιιιιιιοιιι
571 1801 726 1860 manum,
750 1801 849 1868 quam
866 1782 976 1859 eolus,
1002 1783 1028 1848 si
1054 1783 1131 1869 quid
1156 1782 1280 1860 iudico,
1304 1784 1395 1850 nobis
1414 1803 1479 1851 ser·

291 1890 377 1958 ravit
399 1890 614 1958 Aornumoans
630 1887 665 1954 in
684 1885 897 1953 Ooiroeritieis
919 1885 1046 1953 duobus
1068 1887 1146 1955 loeis
1168 1887 1209 1954 11.
1234 1891 1277 1956 36
1301 1899 1334 1958 et
1357 1893 1410 1956 69.

483 1994 519 2062 τί
542 1997 672 2075 κρατοῦν
693 1991 759 2075 γὰρ
781 1997 847 2058 τῖον
870 1991 1001 2074 δυ’ναμιν
1020 1991 1090 2076 ἔχει
1114 1994 1190 2060 ίοοῖι.

290 2097 340 2167 Ex
368 2097 420 2165 bis
443 2096 545 2185 igitur
567 2097 717 2164 bemanus
737 2104 806 2162 tam
830 2098 951 2164 aeriter
974 2118 1072 2185 quam
1102 2097 1208 2186 lepide
1225 2098 1388 2166 bominem
1411 2115 1505 2186 per-·

290 2205 434 2290 stringit.
481 2200 603 2270 Eadem
625 2219 722 2288 opera
744 2201 860 2268 ritiom
876 2203 1017 2272 eximam
1033 2203 1164 2270 huorono
1185 2203 1217 2269 in
1237 2205 1399 2272 mentione
1422 2203 1479 2271 liei

290 2332 353 2378 non
375 2309 478 2378 multo
489 2305 633 2374 melioris
647 2314 742 2373 notae
760 2311 824 2385 oa,
839 2311 891 2372 17.
908 2307 1111 2391 Ἀλέξανδρος
1127 2309 1281 2388 idom-ida
1304 2309 1356 2374 τδν
1366 2314 1481 2393 ‘liper-

287 2419 384 2489 ςίανα
409 2415 461 2482 καί
486 2413 550 2480 teia
568 2419 781 2494 χειροτονῆσαι
800 2448 847 2463 -
865 2412 952 2486 cotie
972 2409 1083 2480 οὖν-
1102 2411 1204 2493 βωμοί
1229 2413 1281 2478 καί
1302 2413 1402 2479 ίυσίοιι
1426 2414 1479 2480 καί

289 2520 390 2605 ἑορταί
418 2520 461 2600 τῷ
483 2516 575 2598 καινῷ
594 2515 692 2599 τιν’τιρ
710 2518 766 2599 deb
788 2517 1006 2596 ἐσεσευιοῦνσο,
1030 2527 1062 2585 et
1092 2518 1214 2604 siquis
1236 2517 1418 2584 subrideret
1438 2518 1479 2585 ad

292 2626 372 2692 baee
390 2629 529 2690 autnon
550 2638 668 2705 magna
684 2621 840 2706 reiigione
862 2623 1073 2689 novissimum
1093 2622 1196 2688 lieum
1221 2621 1338 2689 coleret
1350 2622 1481 2700 ίοίνατος

290 2729 432 2796 ἐπέκειτο
455 2729 472 2804 ἡ
497 2725 607 2807 ζαμία.
628 2727 740 2804 aterve
760 2728 860 2795 τοίνυν
877 2726 1019 2808 οίίμείιι,
1051 2725 1178 2811 inquit,
1207 2727 1390 2794 ἀπολαῦσαι
1422 2739 1478 2807 τῆς

288 2832 496 2917 Ἠφαιτίυνος
530 2831 706 2909 ίοιίτιρτορ,
741 2841 776 2900 at
808 2831 1023 2920 Hephaestion
1056 2831 1121 2901 iam
1153 2837 1223 2898 enai
1256 2853 1319 2898 υοιο
1352 2834 1479 2904 literaria

288 2940 399 3006 minus
415 2956 513 3023 quam
532 2939 609 3013 ίεῑος
637 2945 670 3005 et
693 2958 823 3008 neeesse
849 2946 900 3006 est
925 2936 1066 3013 ίείτιρσος
1093 2937 1265 3022 corrigere.
1313 2938 1478 3008 Librarius

286 3043 410 3112 eodieis
431 3041 479 3120 Α,
503 3043 598 3110 euius
624 3063 752 3111 summa
775 3044 952 3111 auotoritas
970 3041 1128 3120 babetur,
1152 3060 1254 3128 quum
1275 3041 1407 3110 baberet
1438 3043 1477 3111 ob

288 3147 400 3216 oeulos
432 3146 583 3223 ίειίτησοε
607 3151 767 3236 seriptum
791 3157 868 3216 noto
891 3147 1081 3235 compendio
1100 3146 1187 3237 (vide
1206 3146 1310 3215 Basrn
1337 3149 1411 3215 Τοίι.
1436 3149 1474 3216 V.

292 3259 383 3326 lbet
408 3250 462 3339 16)
485 3249 627 3339 lepidum
646 3263 744 3342 eaput
761 3254 850 3322 dedit
865 3263 922 3332 τῆς
937 3254 1152 3336 ,Ἡφαιςίοινος
1174 3253 1339 3329 ίειίτατος.
1364 3262 1478 3322 eontra

254 3348 256 3353 ’
287 3357 395 3426 sariba
414 3359 662 3426 oontemtissimi
674 3360 795 3426 eodieis
814 3362 851 3427 (δ.
865 3377 976 3427 veram
990 3355 1162 3424 lectionem
1184 3358 1324 3435 ίιίτιρτος
1341 3359 1474 3441 obtulit,

290 3483 389 3552 quam
408 3479 502 3530 nemo
521 3463 561 3529 ab
580 3483 617 3530 eo
640 3465 789 3551 accipere
810 3464 964 3549 dignatus
986 3469 1045 3528 est.

334 3569 376 3635 Ut
394 3567 532 3638 aliorum
563 3567 625 3633 inei
645 3567 808 3635 emendati
832 3567 964 3634 boarum
989 3563 1179 3650 prosuerunt
1198 3568 1246 3633 sio
1265 3575 1377 3635 eontra
1400 3569 1476 3636 Pna-

287 3695 357 3741 roru
380 3693 399 3739 e
422 3673 555 3741 Lucrum
574 3670 741 3738 subreniri
763 3672 891 3757 poterit.
923 3668 1088 3736 Edebatur
1104 3669 1137 3733 in
1155 3669 1388 3758 Iearmoeoippo
1411 3678 1478 3753 46,

294 3783 347 3845 14.
370 3776 423 3843 καί
451 3779 513 3858 pie
535 3776 624 3859 τιαροὶ
655 3777 701 3843 σοί
728 3776 846 3844 αὐτίκα
873 3772 968 3856 μάλα
995 3773 1046 3840 τίν
1070 3770 1169 3854 ἕτερον
1194 3776 1357 3858 ὀφθαλμὸν
1391 3776 1477 3861 ἔχειν

285 3881 472 3965 βασιλικίν,
495 3886 583 3948 reote
607 3881 756 3950 viderunt
772 3880 860 3963 τοίρα
883 3898 1066 3946 serverum
1090 3897 1169 3946 ease.
1217 3879 1343 3961 Quanto
1363 3883 1477 3952 utilius

289 3991 392 4058 etiam
414 3985 549 4055 eandam
571 3987 766 4055 medicinam
786 3985 1010 4053 adhibebimus
1031 3985 1163 4051 Pmooru
1185 3984 1218 4051 in
1240 3983 1385 4053 Pboedro
1404 4010 1475 4077 pag.

284 4090 366 4162 aba.
389 4094 427 4160 E.
451 4097 511 4158 τοῦ
533 4091 570 4171 δή
595 4115 647 4172 μοι
674 4092 689 4158 ί
720 4101 797 4168 ταῖς
829 4092 902 4173 τρίς
926 4087 958 4156 ὃν
982 4087 1109 4170 ἔκυρσα
1130 4128 1177 4144 --
1198 4088 1286 4168 οὗτος
1310 4093 1398 4176 ταροὶ
1429 4119 1475 4162 σοι

288 4198 383 4280 μάλα
397 4197 528 4273 τλνοίον
542 4198 592 4264 aiei
612 4194 759 4278 σοίρεςιν,
782 4193 857 4269 ὅταν
877 4197 916 4262 σὺ
936 4195 1047 4280 βούλῃ.
1099 4194 1250 4264 Graecum
1270 4206 1319 4264 esi
1345 4199 1477 4282 τιοίρειμί

288 4301 575 4385 corroboratores
600 4300 768 4384 παροίσω.
816 4299 927 4368 Scribe
956 4293 1117 4382 τιίρασοι
1142 4305 1175 4366 ei
1202 4301 1368 4389 apparebit
1400 4305 1478 4390 quid

292 4410 335 4478 sit
356 4409 453 4477 verbo
473 4407 603 4490 τιίροτιν
624 4405 814 4477 iaciendum.
1465 4437 1468 4442 ·

334 4514 493 4598 Quoniam
516 4509 778 4601 palaeograpbioa
800 4510 970 4596 attigimus
998 4510 1168 4577 subiiciam
1197 4509 1277 4577 duas
1300 4510 1340 4578 de
1362 4532 1479 4598 genere

200 4620 205 4624 ’
291 4617 782 4698 boe-observationes,-alteram
806 4635 943 4692 novam,
965 4617 1101 4684 aiteram
1127 4617 1215 4682 noris
1238 4617 1391 4704 exemplis
1415 4627 1477 4686 star
