3767 5717
830 664 872 727 27

259 847 375 922 εἰπεῖν,
400 843 452 908 nni
485 842 549 922 γὰρ
573 838 753 919 ἐπέξειμι
779 837 910 918 λέγεται
934 840 1013 907 ἀλλ’
1037 842 1090 905 obn
1122 838 1445 924 ἕπεξελεύπιμιιι.

260 948 371 1016 Videte
402 966 481 1035 quos
502 946 622 1012 fluetus
641 946 674 1009 in
697 944 835 1031 simpulo
858 946 998 1023 exultet,
1019 952 1052 1010 at
1074 946 1189 1012 bioums
1213 946 1296 1013 idem
1319 970 1446 1017 surorum

259 1052 389 1121 lenitate
419 1055 464 1118 ita
496 1052 606 1117 donet:
640 1050 763 1116 ἄπεισιν
786 1054 959 1126 Ἀττικῶς,
995 1049 1208 1117 ἀπελεύσέτιιι
1238 1058 1444 1132 Ἑλληνικῶς,

259 1161 352 1225 euius
368 1159 530 1245 praecepti
543 1156 655 1223 eadem
678 1157 727 1221 ris
747 1164 796 1221 est
818 1162 914 1242 atque
938 1155 1152 1243 Pbrynlebei,
1178 1174 1280 1243 oeque
1301 1160 1384 1227 ualet
1406 1161 1447 1226 ad

259 1262 463 1351 aperiendam
482 1264 655 1328 Atticorum
675 1258 1019 1327 consuetudinalem
1045 1258 1085 1325 ad
1109 1263 1310 1347 arguendum
1328 1282 1445 1351 aequa·

258 1370 337 1435 lium
359 1386 514 1435 errorem.
563 1366 682 1433 Eadem
707 1374 756 1432 est
776 1368 864 1431 ratio
878 1366 1024 1431 omnium
1047 1360 1278 1453 propemodum
1300 1368 1447 1437 Mornrms

258 1480 525 1561 praeceptorum,
546 1469 756 1557 quibus'sine
777 1470 843 1537 ulla
870 1471 1044 1556 asperitate
1065 1471 1258 1550 verberum,
1285 1475 1357 1541 sine
1375 1484 1448 1541 con'·

258 1578 340 1644 rioio
365 1585 422 1644 aut
444 1576 630 1665 opprobrio,
654 1574 754 1642 veluti
776 1576 895 1642 taeitos
919 1595 956 1641 ao
978 1583 1060 1641 natu
1076 1577 1278 1663 popularium
1298 1581 1448 1648 vitiosam

259 1680 521 1750 consuetudinem
555 1682 699 1767 porrigit.
758 1680 811 1747 Sin
849 1680 934 1767 quod
976 1682 1010 1745 in
1045 1680 1156 1749 eadem
1192 1692 1263 1770 pag.
1306 1684 1446 1771 iegitur:

255 1793 351 1874 ἀκροᾷ
386 1792 558 1864 dammis,
590 1790 740 1868 ιὶκιιῖισιιι
780 1790 992 1864 Ἑλληνικῶς,
1019 1789 1144 1873 ecquis.
1163 1788 1338 1855 crediderit
1366 1792 1445 1857 suri·

255 1903 347 1983 ptum
368 1912 437 1959 esso
462 1901 498 1957 ot
520 1892 658 1970 immae,
687 1890 792 1977 «paulis
823 1900 872 1959 est
894 1895 1012 1976 ἀκροᾷ,
1044 1887 1308 1971 observarentur,
1334 1915 1375 1962 an
1408 1904 1447 1965 ut

254 2002 406 2066 vitiosum
429 2001 580 2079 ιὶκριᾶσιιι
608 1998 801 2063 notaretur?
837 1998 954 2062 Moenia
980 1998 1163 2083 caeterique
1195 2000 1342 2085 magistri
1367 2020 1444 2088 pau·

254 2107 284 2173 lo
305 2105 521 2191 antiquiores,
545 2103 631 2192 (nam
656 2104 782 2167 Tooum
806 2103 874 2189 ipso
896 2102 1018 2187 indiget
1042 2104 1217 2187 magistro,
1243 2105 1298 2189 qui
1323 2126 1358 2171 se
1380 2126 1445 2174 me·

253 2213 333 2279 liora
364 2210 476 2275 doceat
511 2218 543 2274 et
572 2208 673 2275 multa
703 2209 810 2294 inepta
845 2206 1010 2293 dedoceat)
1041 2208 1068 2272 si
1097 2209 1142 2274 ita
1164 2210 1312 2295 legentur
1336 2220 1370 2277 ut
1394 2234 1444 2278 eo·

255 2324 437 2403 gnoscaton
456 2315 573 2401 quibus
588 2315 621 2398 io
634 2314 731 2381 rebus
751 2316 778 2378 ai
789 2314 906 2378 ibenter
925 2312 1105 2400 impingere
1119 2313 1238 2381 tuerint
1249 2316 1346 2391 soliti,
1360 2333 1442 2404 quae

253 2424 332 2488 vitia
362 2417 519 2488 sermonis
543 2418 664 2485 luerint
685 2418 871 2505 pervulgata
901 2419 1030 2485 ebilino
1053 2421 1087 2483 in
1109 2422 1315 2508 antiquorum
1345 2422 1443 2489 libras

253 2530 399 2605 invecta,
434 2528 600 2611 egregium
624 2544 720 2590 usum
752 2524 914 2590 babebnnt
939 2524 979 2590 a'd
1004 2530 1148 2591 veterum
1180 2528 1300 2613 scripto
1320 2532 1443 2614 passim

255 2631 421 2717 purganda
446 2631 486 2693 iis
506 2630 652 2703 mendis,
678 2650 761 2713 quae
779 2630 899 2695 saeculi
922 2630 1069 2712 contagio
1093 2630 1235 2696 affricuit
1252 2634 1441 2717 turpissima

254 2742 285 2801 et
311 2734 459 2820 plurima.
507 2732 671 2818 Perpauea
691 2740 767 2796 sunt
787 2733 933 2797 uitia'tlo
948 2748 1064 2817 magna
1082 2732 1178 2819 eopia
1191 2752 1307 2820 ‚unam
1325 2738 1443 2805 Morum

254 2839 447 2926 expromsit,
470 2857 551 2924 quae
574 2857 635 2902 non
667 2853 760 2922 saepe
790 2837 822 2900 io
846 2837 961 2922 optimi
990 2844 1021 2902 et
1045 2838 1260 2923 probatissimi
1286 2844 1444 2929 cuiusque

252 2944 419 3030 scriptoris
451 2944 576 3028 antiqui
600 2943 888 3027 tibris'appareaot
911 2950 943 3007 et
966 2932 1160 3029 seuerissima
1179 2947 1287 3011 animo
1308 2947 1348 3013 ab
1367 2946 1442 3014 ltdi-

252 3050 376 3116 toribus
404 3056 436 3115 et
461 3047 589 3113 Critltis
616 3047 780 3112 ferantur:
819 3048 855 3112 ln
880 3063 918 3113 oo
938 3048 1028 3124 loon,
1053 3049 1085 3113 in
1111 3068 1205 3135 quem
1239 3052 1373 3118 io‘rtuito
1395 3056 1444 3119 in·

250 3154 402 3233 uidimus,
438 3155 553 3220 btoums
582 3153 694 3219 ordine
728 3152 806 3218 baeo
839 3153 967 3219 diuendi
992 3154 1069 3219 vitia
1101 3154 1237 3222 refutat:
1269 3160 1442 3237 arandela

250 3281 308 3348 pro
349 3260 524 3338 nannetem
539 3262 789 3332 ἆπιιλλιικτικῶς
814 3258 940 3339 ἔχοντες
973 3277 1029 3345 pro
1049 3253 1321 3339 transnatavisse
1333 3265 1340 3341 ζ
1364 3268 1441 3345 ἀγέ-

250 3388 353 3450 rouen
367 3416 376 3440 ‚
390 3366 551 3450 ᾂδέτιισιιν
573 3373 604 3430 et
625 3364 746 3429 similia
768 3384 824 3449 pro
842 3366 1001 3443 syderea,
1021 3366 1261 3450 ᾅδοιπων··οιιῑ.,
1286 3373 1439 3452 ἁκριᾶσιιι

250 3491 308 3557 pro
341 3472 459 3556 ἀκροᾷ,
484 3472 697 3537 ἀπελεύσεται
734 3487 791 3557 pto
820 3470 967 3545 ἄπειπιι,
1001 3472 1125 3545 citiusne
1158 3492 1215 3558 pro
1250 3478 1340 3550 ιιίλεῖς
1375 3486 1438 3546 oet.

249 3576 347 3652 Haeo,
367 3578 491 3654 omnia,
533 3587 732 3663 quamquam
757 3576 930 3642 manifesto
961 3585 1045 3641 *sont
1065 3578 1188 3643 ¹vitiosa
1225 3587 1256 3645 et
1291 3584 1443 3667 aequiore

249 3690 353 3745 aetate
384 3680 468 3767 apud
496 3677 668 3747 Graeculos
699 3687 794 3757 oata',
829 3686 939 3745 tamen
964 3689 1106 3745 vetustos
1134 3684 1306 3768 scriptores
1331 3686 1437 3751 adhue

249 3787 381 3870 impune
408 3786 602 3870 inquinant,
628 3783 691 3849 alia
719 3798 793 3847 raro
814 3791 845 3847 et
868 3784 905 3847 in‘
926 3787 1038 3869 paonis
1060 3786 1171 3864 biblio,
1199 3788 1260 3853 alia
1290 3788 1438 3875 frequen·

248 3891 335 3967 tius,
369 3889 432 3954 atia
461 3890 580 3974 passim
611 3890 643 3953 iu
663 3886 849 3953 omnibus·
881 3888 929 3955 lte
949 3899 1012 3977 duo
1043 3907 1159 3977 genera
1192 3897 1240 3958 est
1270 3895 1443 3972 detrusae.

248 4004 281 4062 et
304 3995 509 4073 aptarem,
532 4011 614 4080 quiae
642 3995 675 4059 in
698 3995 792 4060 cuius
816 3993 983 4081 scriptoris
1008 3997 1103 4063 Attici
1122 3996 1297 4064 Codieibuo·
1313 4008 1346 4065 et
1363 4000 1442 4067 bidi-¹

245 4101 389 4167 tionibus
417 4120 480 4165 non
509 4099 686 4185 leguntur?
733 4100 863 4165 Constat
886 4098 1023 4168 formam
1048 4118 1116 4170 esse
1132 4099 1345 4190 sequiorem,
1370 4106 1443 4173 Μαι·

248 4207 441 4280 redonicam
471 4204 610 4271 editores
637 4224 699 4269 non
723 4204 871 4273 audiunt.
920 4209 957 4274 ln
973 4212 1090 4296 'potitis
1111 4212 1315 4278 metri-ratio
1342 4222 1438 4279 areat

247 4312 494 4388 soloecismum,
514 4310 595 4375 nulii
617 4321 786 4397 appareot;
810 4314 947 4383 caeteris
963 4334 1025 4380 uon
1048 4323 1097 4381 est
1115 4314 1204 4381 idem
1221 4314 1445 4403 praesidium‚‹

248 4417 393 4503 exempla
427 4416 598 4503 pullulant.
659 4416 816 4487 Similiter
843 4420 926 4509 quod
948 4422 1066 4486 uitium
1098 4423 1129 4486 in
1165 4420 1290 4495 datores
1318 4422 1436 4487 Morsus

248 4525 391 4600 notavit,
412 4523 488 4608 quia
508 4541 617 4587 omnes
647 4523 711 4588 iam
741 4523 863 4591 dudum
890 4526 933 4591 ita
965 4534 1197 4612 peccaverant,
1223 4527 1330 4592 omnia
1354 4530 1435 4595 auti·

247 4646 385 4715 quorum
406 4629 526 4713 scripta
540 4627 661 4694 iniecit.
682 4628 802 4716 Nempe
818 4632 894 4697 olim
908 4630 1052 4697 sitierant
1071 4632 1103 4697 in
1129 4632 1376 4699 desuetudinem
1401 4642 1433 4701 et

247 4734 280 4799 iu
302 4732 377 4800 solis
392 4734 543 4801 Veterum
556 4732 647 4801 libris
670 4728 865 4821 apparebant
888 4736 1031 4818 formae,
1054 4758 1136 4824 quae
1157 4738 1337 4825 antiquitus
1351 4738 1435 4807 soloe

1151 4847 1188 4888 ‚a

1542 1984 1547 2014 l
