3767 5717
990 566 1029 629 14

415 742 452 817 δη
472 741 515 823 τῦ
533 736 778 822 χρυσοοθραιρ,
801 741 833 805 ἐν
850 734 882 822 ᾧ.
900 781 942 795 -
963 736 1120 807 Similiter
1140 758 1212 807 mox
1233 740 1265 805 in
1287 738 1354 809 bis:
1379 740 1425 818 ἔςι
1446 764 1503 807 aaa
1516 743 1606 809 cdxc·

413 871 461 922 τις
475 845 546 913 νέων
558 847 611 913 καὶ
624 845 773 927 γερόντων
791 845 953 914 accusata.
977 845 1219 929 χρυσόςομος
1243 848 1306 929 γόιρ
1327 849 1359 915 οὐ
1378 846 1514 915 διδόοκει
1526 849 1603 932 Φρό-

411 976 496 1028 νησιν
518 952 608 1019 alana
632 950 726 1034 φθοιο
748 950 800 1016 καὶ
824 953 890 1033 etta
914 950 1031 1019 δόαιτα.
1069 950 1126 1041 (Gt.
1151 972 1181 1037 p.
1207 956 1289 1030 754,
1315 950 1381 1040 16).
1428 953 1551 1021 Littera
1573 978 1602 1037 χ

411 1056 589 1143 implexum
611 1054 731 1128 babens
750 1082 765 1138 ρ
783 1064 815 1123 et
834 1056 942 1139 χρόνος
963 1065 996 1125 et
1016 1057 1208 1141 Χρυσόςομος
1233 1056 1415 1143 significat:
1441 1060 1496 1144 qui
1521 1056 1601 1129 haec

412 1163 447 1230 in
470 1162 527 1233 tali
552 1162 619 1229 loeo
642 1160 838 1230 confundere
861 1171 987 1250 potest,
1017 1164 1046 1231 ei
1074 1162 1206 1231 mandes
1230 1163 1258 1229 si
1287 1162 1365 1248 quid
1393 1173 1480 1230 reete
1508 1184 1601 1233 cura·

411 1275 483 1335 tum
513 1266 601 1337 valis.
649 1268 696 1335 llx
725 1267 837 1337 eodem
866 1268 954 1337 lonte
987 1276 1160 1337 manarunt
1189 1288 1314 1335 errores
1344 1268 1530 1337 huiusmodi
1564 1279 1602 1339 ut

413 1372 586 1443 Soraoocus
606 1372 703 1455 σοφός
731 1372 881 1453 dicatur,
913 1376 1131 1443 bnaosraunns
1162 1375 1275 1454 δῆμος,
1308 1374 1471 1441 Xnuonnou
1494 1374 1600 1456 ξένος,

411 1478 619 1547 darsrornnas
638 1477 757 1562 ν’όριςοςε
782 1488 895 1547 contra
915 1480 1000 1567 apud
1021 1480 1210 1547 Hroroenxr.
1232 1499 1260 1546 v.
1286 1478 1394 1557 Ζεῦξις
1416 1480 1530 1548 nobilis
1553 1484 1600 1569 pi·

410 1591 484 1654 etot
495 1584 617 1652 dieitur
639 1586 880 1667 ’Λριςοτένιης
905 1592 964 1653 τῦν
982 1589 1054 1653 κατ’
1074 1588 1185 1652 ἐκεῖνον
1197 1587 1249 1674 τόν
1260 1584 1367 1667 χρόνον
1381 1585 1553 1671 ζωγροόΦων
1565 1590 1599 1656 in

410 1688 563 1758 omnibus
585 1688 673 1755 codd.
702 1711 760 1777 pro
779 1690 894 1774 θοριςος.
943 1691 1089 1758 Notanda
1112 1698 1161 1759 est
1189 1691 1328 1759 nominis
1358 1690 1543 1778 depravatio
1567 1694 1600 1759 in

413 1796 541 1865 Srourur
571 1794 743 1881 Florileqio
762 1796 824 1863 th.
849 1800 870 1863 9
905 1796 959 1863 ubi
991 1796 1147 1864 editiones
1171 1798 1318 1880 Ἐνδωροο
1343 1816 1458 1863 nomen
1479 1796 1600 1884 praei-

410 1910 512 1980 runt‚
536 1900 636 1970 codex
658 1900 801 1987 optimus
823 1903 959 1984 θκνδόροο
983 1904 1133 1970 servavit.
1179 1914 1206 1971 K
1226 1907 1257 1968 et
1269 1904 1307 1973 1ss
1329 1900 1481 1969 conlundi
1500 1902 1601 1971 solere

412 2016 526 2078 notum
548 2028 618 2075 esse
641 2006 781 2073 arbitror
803 2015 836 2074 et
854 2010 1002 2092 οἱσιδθρου
1025 2009 1187 2098 appellant
1207 2006 1330 2075 scribae
1349 2007 1434 2093 quod
1452 2009 1599 2091 Ἰτιδώρου

412 2144 480 2213 est,
504 2135 580 2221 quia
601 2118 621 2201 ἶ-
629 2131 823 2221 productum
843 2154 901 2222 per
917 2160 943 2202 οι
962 2135 1198 2223 diphthongum
1219 2136 1298 2202 satis
1318 2142 1503 2203 constanter
1522 2136 1600 2203 scri·

410 2242 445 2308 bi
476 2240 596 2306 solebat
626 2241 659 2305 in
684 2240 828 2327 antiquis
858 2239 971 2319 tibris,
996 2242 1200 2328 grammatici
1224 2242 1301 2308 adeo
1335 2240 1501 2307 certabant
1525 2249 1599 2307 utra

411 2347 575 2434 scriptura
597 2354 680 2413 esset
709 2347 831 2432 potior,
855 2347 939 2433 quod
964 2368 1016 2415 me
1049 2347 1165 2414 Suxrus
1196 2348 1361 2415 Euernreus
1391 2345 1499 2413 docuit
1527 2346 1597 2415 adv.

412 2460 587 2541 &ammae
608 2471 633 2537 l.
668 2492 710 2539 rx.
738 2476 802 2539 169
837 2473 989 2555 ζητοῦμεν
1020 2476 1045 2541 εἰ
1075 2471 1241 2554 εῦχόλινου
1272 2472 1324 2537 καὶ
1354 2472 1497 2547 εθοόδινας
1522 2457 1604 2555 τῷι-

408 2599 500 2680 μόνον
524 2598 680 2682 γραπτέον
704 2599 721 2676 ἢ
746 2608 785 2683 τῇ
809 2582 846 2666 εἰ.
897 2598 959 2665 Sed
984 2598 1022 2665 de
1039 2597 1091 2664 bis
1115 2597 1264 2664 omuibus
1288 2597 1370 2663 alins
1396 2597 1526 2664 dabitur
1548 2598 1598 2665 di-

410 2704 504 2773 eendi
530 2704 640 2783 loeus,
672 2704 713 2772 ad
737 2704 895 2774 Srouuaon
926 2713 1081 2773 revertor.
1131 2706 1333 2770 Aurrruouns
1363 2702 1452 2769 locus
1481 2702 1600 2789 legitur

408 2833 441 2900 p.
465 2816 530 2879 730
554 2817 691 2895 πρῶτον,
714 2808 819 2893 οἶμαι,
846 2817 905 2876 τῦν
929 2811 960 2875 ἐν
984 2814 1154 2892 οὐρανοῖς
1180 2811 1225 2879 ἒςὶ
1250 2810 1431 2888 ταθδεντις,
1455 2808 1597 2897 lepidum

408 2936 573 3006 bominem
595 2936 651 3021 qui
672 2956 711 3001 ex
729 2920 833 3011 δῦναι,
860 2938 881 3003 i.
901 2955 929 3004 e.
953 2935 1135 3015 ἀνθρώποις,
1161 2933 1194 2999 iu
1219 2932 1270 2999 lris
1290 2936 1395 3001 verbis
1416 2935 1519 3005 delabi
1542 2960 1596 3026 po·

407 3065 476 3131 tuit
504 3062 545 3127 ad
569 3046 663 3135 αι’-οἶς
687 3061 710 3125 i.
726 3080 754 3126 a.
778 3062 935 3143 οὐρανοῖς,
968 3076 1007 3123 ne
1031 3054 1091 3122 boc
1121 3056 1253 3143 quidem
1288 3062 1433 3146 cogitans
1455 3065 1596 3145 οὐρανούς

409 3188 468 3256 pro
490 3166 612 3249 οὐρανόν
639 3166 766 3232 Graecis
784 3185 853 3233 esse
876 3163 1060 3231 inauditum
1084 3183 1121 3230 ac
1143 3171 1264 3231 temera
1285 3166 1410 3232 coelum
1435 3186 1472 3233 ae
1493 3176 1596 3237 terras

407 3274 561 3341 miscens.
607 3270 730 3357 Duplex
761 3272 878 3337 vitium
911 3278 961 3338 est
996 3291 1026 3357 p.
1045 3274 1123 3336 757.
1172 3270 1252 3337 Δίων
1280 3270 1374 3351 ἔλεγε
1405 3275 1473 3339 καθ’
1498 3277 1569 3343 ‘Hal
1585 3312 1597 3331 ·

406 3380 457 3446 ’δον
478 3378 550 3461 τρόα
573 3377 648 3457 γένη
670 3374 748 3443 εἶναι
771 3376 1033 3457 μαθημοότων,
1063 3382 1216 3459 χρυσοῦν,
1246 3380 1418 3460 θργυροῦν,
1442 3388 1596 3462 χαλκοῦν.

407 3488 545 3569 χρυσοῦν
575 3483 633 3563 μὲν
653 3482 688 3549 τό
711 3488 770 3549 τῶν
791 3483 929 3550 διδόντων
951 3482 1003 3549 καὶ
1023 3484 1068 3561 μη
1088 3482 1320 3562 μανθανόντων,
1343 3486 1493 3569 ἀργυροῦν
1514 3488 1545 3553 δὲ
1561 3490 1597 3555 τό

406 3597 467 3657 τῶν
498 3586 636 3655 διδόντων
665 3587 716 3653 καὶ
747 3587 984 3669 μανθανόντων,
1016 3594 1159 3671 χαλκοῦν
1183 3588 1215 3653 δὲ
1239 3588 1273 3652 τό
1298 3596 1356 3655 τῶν
1380 3593 1594 3669 μανθανόντων

407 3699 466 3777 μὲν
485 3698 518 3761 οὐ
539 3692 677 3760 διδόντων
697 3694 738 3760 δέ.
789 3698 852 3761 lies
875 3694 945 3780 ipsa
966 3694 1083 3763 elamat
1104 3696 1248 3775 μαθητῶν
1270 3712 1339 3760 esse
1358 3698 1596 3765 emendandum

407 3822 467 3891 pro
489 3800 707 3881 μαθημθτων,
731 3808 764 3867 at
788 3802 861 3887 quis
879 3808 928 3867 est
949 3803 1005 3887 qui
1027 3802 1086 3868 hoe
1111 3799 1254 3866 dixerit?
1303 3800 1410 3868 Facile
1431 3804 1595 3889 negotium

407 3914 456 3973 est
483 3906 626 3991 reperire
647 3906 721 3991 quis
745 3905 804 3971 boc
828 3912 859 3971 et
880 3907 1019 3972 senserit
1040 3914 1073 3973 et
1104 3912 1170 3970 tam
1198 3904 1302 3969 iocose
1332 3905 1468 3984 dixerit,
1493 3910 1519 3973 si
1544 3907 1594 3971 όων

407 4012 511 4080 solum
530 4010 717 4076 memineris
730 4032 799 4079 esse
818 4011 1012 4099 genuinum,
1035 4011 1053 4076 δ
1072 4008 1232 4075 adiectum
1254 4009 1370 4090 abeo,
1394 4013 1449 4098 qni
1474 4010 1592 4077 adscri-

405 4119 455 4184 bit
478 4114 636 4203 quidquid
658 4116 813 4185 collibuit.
860 4118 981 4204 Nempe
1004 4112 1274 4203 quemadmodum
1295 4134 1332 4183 ea
1357 4116 1462 4181 dicere
1483 4114 1591 4179 Smar-

405 4239 661 4308 menumquam
689 4226 814 4310 potnit,
847 4224 894 4289 sic
918 4223 997 4287 satis
1021 4227 1146 4285 certum
1171 4227 1220 4286 est
1250 4218 1502 4306 Βονριιθιοαίιωα
1523 4218 1591 4285 Bro-

403 4349 465 4396 που
496 4327 557 4393 hoc
593 4327 717 4397 lusisse.
763 4329 864 4395 Nemo
896 4345 983 4392 nunc
1014 4324 1163 4391 dubitare
1187 4328 1286 4413 possit
1310 4324 1388 4409 quin
1412 4332 1499 4392 recte
1533 4346 1590 4413 pro

403 4460 456 4540 δῦ,
482 4456 515 4522 in
537 4475 601 4543 quo
621 4434 641 4520 ἶ
650 4453 867 4520 adventicium
885 4460 949 4529 est,
974 4435 1016 4537 θ’ρῖ
1035 4450 1055 4517 i.
1070 4471 1096 4517 e.
1124 4453 1177 4535 θεῷ
1200 4450 1376 4536 repositum
1399 4450 1452 4517 sit.
1490 4452 1525 4517 ln
1540 4472 1589 4519 cc-

404 4560 476 4630 dice
496 4560 602 4628 lector
622 4567 658 4628 ut
680 4561 824 4636 Μαιητου
849 4557 1048 4641 versiculus,
1073 4578 1167 4647 quern
1192 4554 1473 4625 editus'Sronauus
1497 4569 1589 4635 braa-
