<?xml version="1.0" encoding="UTF-8"?>
<!DOCTYPE html PUBLIC "-//W3C//DTD XHTML 1.0 Transitional//EN"
    "http://www.w3.org/TR/xhtml1/DTD/xhtml1-transitional.dtd">
<html xmlns="http://www.w3.org/1999/xhtml" xml:lang="en" lang="en">
 <head>
  <title>
</title>
<meta http-equiv="Content-Type" content="text/html;charset=utf-8" />
  <meta name='ocr-system' content='tesseract 3.04.00' />
  <meta name='ocr-capabilities' content='ocr_page ocr_carea ocr_par ocr_line ocrx_word'/>
</head>
<body>
  <div class='ocr_page' id='page_1' title='image "./variaelectiones02cobegoog_0262.png"; bbox 0 0 3767 5717; ppageno 0'>
   <div class='ocr_carea' id='block_1_1' title="bbox 969 592 1035 658">
    <p class='ocr_par' dir='ltr' id='par_1_1' title="bbox 969 592 1035 658">
     <span class='ocr_line' id='line_1_1' title="bbox 969 592 1035 658; baseline 0.045 -3"><span class='ocrx_word' id='word_1_1' title='bbox 969 592 1035 658; x_wconf 84' lang='grc'>248</span> 
     </span>
    </p>
   </div>
   <div class='ocr_carea' id='block_1_2' title="bbox 319 783 1657 4353">
    <p class='ocr_par' dir='ltr' id='par_1_2' title="bbox 319 783 1657 4353">
     <span class='ocr_line' id='line_1_2' title="bbox 343 783 1585 876; baseline 0.001 -20"><span class='ocrx_word' id='word_1_2' title='bbox 343 828 346 833; x_wconf 89' lang='grc'><em>·</em></span> <span class='ocrx_word' id='word_1_3' title='bbox 406 794 449 873; x_wconf 78' lang='grc' dir='ltr'>τῷ</span> <span class='ocrx_word' id='word_1_4' title='bbox 479 789 548 873; x_wconf 80' lang='grc' dir='ltr'><strong><em>πυρὶ</em></strong></span> <span class='ocrx_word' id='word_1_5' title='bbox 577 786 765 866; x_wconf 70' lang='grc' dir='ltr'><strong><em>καθημένους</em></strong></span> <span class='ocrx_word' id='word_1_6' title='bbox 795 783 881 867; x_wconf 73' lang='grc' dir='ltr'>’ὁρῶσι</span> <span class='ocrx_word' id='word_1_7' title='bbox 909 784 961 850; x_wconf 74' lang='grc' dir='ltr'>τὸν</span> <span class='ocrx_word' id='word_1_8' title='bbox 986 786 1106 864; x_wconf 80' lang='grc' dir='ltr'><strong><em>κέαμσν</em></strong></span> <span class='ocrx_word' id='word_1_9' title='bbox 1129 787 1355 861; x_wconf 80' lang='grc' dir='ltr'><strong><em>κόπτοντας</em></strong></span> <span class='ocrx_word' id='word_1_10' title='bbox 1373 789 1460 876; x_wconf 74' lang='grc' dir='ltr'>Ιοὐδὲν</span> <span class='ocrx_word' id='word_1_11' title='bbox 1482 793 1585 857; x_wconf 75' lang='grc' dir='ltr'><strong><em>αὐτῶν</em></strong></span> 
     </span>
     <span class='ocr_line' id='line_1_3' title="bbox 407 890 1584 981; baseline 0 -20"><span class='ocrx_word' id='word_1_12' title='bbox 407 898 578 977; x_wconf 71' lang='grc' dir='ltr'><strong><em>ἡγήσονται</em></strong></span> <span class='ocrx_word' id='word_1_13' title='bbox 610 892 787 973; x_wconf 74' lang='grc' dir='ltr'><strong><em>διαφέρειν,</em></strong></span> <span class='ocrx_word' id='word_1_14' title='bbox 821 890 912 981; x_wconf 88' lang='lat' dir='ltr'>quis,</span> <span class='ocrx_word' id='word_1_15' title='bbox 941 892 1094 980; x_wconf 88' lang='lat' dir='ltr'>inquam,</span> <span class='ocrx_word' id='word_1_16' title='bbox 1118 890 1278 957; x_wconf 80' lang='lat' dir='ltr'>dubitabit</span> <span class='ocrx_word' id='word_1_17' title='bbox 1297 915 1422 959; x_wconf 89' lang='lat' dir='ltr'>mecum</span> <span class='ocrx_word' id='word_1_18' title='bbox 1440 894 1584 962; x_wconf 78' lang='grc' dir='ltr'><strong><em>κέπτσν-</em></strong></span> 
     </span>
     <span class='ocr_line' id='line_1_4' title="bbox 406 996 1583 1086; baseline -0.001 -19"><span class='ocrx_word' id='word_1_19' title='bbox 406 1026 466 1074; x_wconf 87' lang='grc' dir='ltr'><strong><em>τας</em></strong></span> <span class='ocrx_word' id='word_1_20' title='bbox 487 996 684 1067; x_wconf 81' lang='lat' dir='ltr'>emendare?</span> <span class='ocrx_word' id='word_1_21' title='bbox 711 1008 745 1061; x_wconf 88' lang='lat' dir='ltr'>ut</span> <span class='ocrx_word' id='word_1_22' title='bbox 765 997 849 1086; x_wconf 90' lang='lat' dir='ltr'>apud</span> <span class='ocrx_word' id='word_1_23' title='bbox 873 998 1050 1064; x_wconf 81' lang='lat' dir='ltr'>Drcuunuu</span> <span class='ocrx_word' id='word_1_24' title='bbox 1069 998 1191 1065; x_wconf 70' lang='lat' dir='ltr'>Laena.</span> <span class='ocrx_word' id='word_1_25' title='bbox 1214 998 1264 1064; x_wconf 78' lang='lat' dir='ltr'>l&#39;t.</span> <span class='ocrx_word' id='word_1_26' title='bbox 1287 1003 1340 1065; x_wconf 85' lang='grc'>48.</span> <span class='ocrx_word' id='word_1_27' title='bbox 1361 1000 1527 1080; x_wconf 72' lang='grc' dir='ltr'>πληρώσας</span> <span class='ocrx_word' id='word_1_28' title='bbox 1547 1002 1583 1066; x_wconf 83' lang='grc' dir='ltr'>τὸ</span> 
     </span>
     <span class='ocr_line' id='line_1_5' title="bbox 406 1101 1583 1187; baseline -0.003 -15"><span class='ocrx_word' id='word_1_29' title='bbox 406 1106 590 1187; x_wconf 71' lang='grc' dir='ltr'>προκόλπιον</span> <span class='ocrx_word' id='word_1_30' title='bbox 620 1102 732 1182; x_wconf 78' lang='grc' dir='ltr'><strong><em>έέρμαν</em></strong></span> <span class='ocrx_word' id='word_1_31' title='bbox 759 1101 902 1184; x_wconf 74' lang='grc' dir='ltr'><strong><em>ἄντικρυς</em></strong></span> <span class='ocrx_word' id='word_1_32' title='bbox 933 1102 1093 1176; x_wconf 88' lang='grc' dir='ltr'><strong><em>έκαπτεν,</em></strong></span> <span class='ocrx_word' id='word_1_33' title='bbox 1131 1103 1241 1168; x_wconf 50' lang='grc' dir='ltr'>ιιέιίιὶιι</span> <span class='ocrx_word' id='word_1_34' title='bbox 1261 1103 1409 1168; x_wconf 88' lang='lat' dir='ltr'>omnibus</span> <span class='ocrx_word' id='word_1_35' title='bbox 1427 1101 1517 1167; x_wconf 83' lang='lat' dir='ltr'>libris</span> <span class='ocrx_word' id='word_1_36' title='bbox 1535 1116 1583 1169; x_wconf 81' lang='lat' dir='ltr'>est</span> 
     </span>
     <span class='ocr_line' id='line_1_6' title="bbox 406 1204 1584 1293; baseline -0.002 -17"><span class='ocrx_word' id='word_1_37' title='bbox 406 1224 438 1277; x_wconf 91' lang='lat' dir='ltr'>et</span> <span class='ocrx_word' id='word_1_38' title='bbox 458 1211 535 1275; x_wconf 90' lang='lat' dir='ltr'>olim</span> <span class='ocrx_word' id='word_1_39' title='bbox 556 1208 712 1272; x_wconf 78' lang='lat' dir='ltr'>edebatur</span> <span class='ocrx_word' id='word_1_40' title='bbox 732 1204 905 1285; x_wconf 81' lang='grc' dir='ltr'><strong><em>ἔκαμπτεν.</em></strong></span> <span class='ocrx_word' id='word_1_41' title='bbox 954 1207 991 1271; x_wconf 91' lang='lat' dir='ltr'>ln</span> <span class='ocrx_word' id='word_1_42' title='bbox 1011 1211 1030 1293; x_wconf 87' lang='lat'>§</span> <span class='ocrx_word' id='word_1_43' title='bbox 1051 1212 1106 1273; x_wconf 89' lang='grc'>29.</span> <span class='ocrx_word' id='word_1_44' title='bbox 1124 1209 1176 1273; x_wconf 74' lang='grc' dir='ltr'><strong><em>ε’πὶ</em></strong></span> <span class='ocrx_word' id='word_1_45' title='bbox 1201 1208 1288 1292; x_wconf 76' lang='grc' dir='ltr'><strong><em>ξενία</em></strong></span> <span class='ocrx_word' id='word_1_46' title='bbox 1313 1208 1457 1273; x_wconf 73' lang='grc' dir='ltr'><strong><em>ἕκαλονν.</em></strong></span> <span class='ocrx_word' id='word_1_47' title='bbox 1486 1209 1584 1274; x_wconf 77' lang='lat' dir='ltr'>verbo</span> 
     </span>
     <span class='ocr_line' id='line_1_7' title="bbox 405 1312 1582 1403; baseline -0.001 -21"><span class='ocrx_word' id='word_1_48' title='bbox 405 1316 469 1382; x_wconf 85' lang='lat' dir='ltr'>iam</span> <span class='ocrx_word' id='word_1_49' title='bbox 500 1316 635 1379; x_wconf 77' lang='lat' dir='ltr'>diximus</span> <span class='ocrx_word' id='word_1_50' title='bbox 664 1336 759 1402; x_wconf 89' lang='lat' dir='ltr'>supra</span> <span class='ocrx_word' id='word_1_51' title='bbox 786 1313 835 1377; x_wconf 79' lang='grc' dir='ltr'>ἐπὶ</span> <span class='ocrx_word' id='word_1_52' title='bbox 859 1312 946 1387; x_wconf 84' lang='grc' dir='ltr'><strong><em>ξένια</em></strong></span> <span class='ocrx_word' id='word_1_53' title='bbox 974 1314 1067 1378; x_wconf 90' lang='lat' dir='ltr'>unice</span> <span class='ocrx_word' id='word_1_54' title='bbox 1094 1337 1201 1380; x_wconf 82' lang='lat' dir='ltr'>rerum</span> <span class='ocrx_word' id='word_1_55' title='bbox 1220 1337 1286 1379; x_wconf 84' lang='lat' dir='ltr'>esse</span> <span class='ocrx_word' id='word_1_56' title='bbox 1308 1326 1339 1379; x_wconf 89' lang='lat' dir='ltr'>et</span> <span class='ocrx_word' id='word_1_57' title='bbox 1360 1315 1582 1403; x_wconf 89' lang='lat' dir='ltr'>reponendum</span> 
     </span>
     <span class='ocr_line' id='line_1_8' title="bbox 405 1419 1583 1513; baseline -0.002 -24"><span class='ocrx_word' id='word_1_58' title='bbox 405 1423 527 1513; x_wconf 90' lang='lat' dir='ltr'>ubique</span> <span class='ocrx_word' id='word_1_59' title='bbox 546 1422 631 1511; x_wconf 89' lang='lat' dir='ltr'>apud</span> <span class='ocrx_word' id='word_1_60' title='bbox 653 1421 849 1499; x_wconf 70' lang='lat' dir='ltr'>Lucrinum,</span> <span class='ocrx_word' id='word_1_61' title='bbox 869 1419 954 1509; x_wconf 93' lang='lat' dir='ltr'>apud</span> <span class='ocrx_word' id='word_1_62' title='bbox 979 1420 1119 1497; x_wconf 77' lang='lat' dir='ltr'>Atticos,</span> <span class='ocrx_word' id='word_1_63' title='bbox 1144 1421 1229 1511; x_wconf 82' lang='lat' dir='ltr'>apud</span> <span class='ocrx_word' id='word_1_64' title='bbox 1256 1422 1425 1485; x_wconf 80' lang='lat' dir='ltr'>Atticistas.</span> <span class='ocrx_word' id='word_1_65' title='bbox 1452 1420 1583 1487; x_wconf 85' lang='lat' dir='ltr'>Scribao</span> 
     </span>
     <span class='ocr_line' id='line_1_9' title="bbox 407 1524 1582 1615; baseline -0.002 -20"><span class='ocrx_word' id='word_1_66' title='bbox 407 1529 556 1595; x_wconf 90' lang='lat' dir='ltr'>omnibus</span> <span class='ocrx_word' id='word_1_67' title='bbox 575 1527 641 1591; x_wconf 88' lang='lat' dir='ltr'>fere</span> <span class='ocrx_word' id='word_1_68' title='bbox 662 1526 740 1590; x_wconf 90' lang='lat' dir='ltr'>locis</span> <span class='ocrx_word' id='word_1_69' title='bbox 758 1524 843 1601; x_wconf 84' lang='grc' dir='ltr'><strong><em>ξένια</em></strong></span> <span class='ocrx_word' id='word_1_70' title='bbox 856 1524 887 1588; x_wconf 93' lang='lat' dir='ltr'>in</span> <span class='ocrx_word' id='word_1_71' title='bbox 900 1524 987 1608; x_wconf 79' lang='grc' dir='ltr'><strong><em>ξενία</em></strong></span> <span class='ocrx_word' id='word_1_72' title='bbox 997 1526 1048 1590; x_wconf 78' lang='lat' dir='ltr'>vel</span> <span class='ocrx_word' id='word_1_73' title='bbox 1059 1526 1162 1604; x_wconf 78' lang='grc' dir='ltr'><strong><em>ξενίαν</em></strong></span> <span class='ocrx_word' id='word_1_74' title='bbox 1175 1527 1270 1591; x_wconf 87' lang='lat' dir='ltr'>stulte</span> <span class='ocrx_word' id='word_1_75' title='bbox 1281 1539 1509 1615; x_wconf 84' lang='lat' dir='ltr'>corruperunt3</span> <span class='ocrx_word' id='word_1_76' title='bbox 1527 1527 1582 1593; x_wconf 86' lang='lat' dir='ltr'>sed</span> 
     </span>
     <span class='ocr_line' id='line_1_10' title="bbox 406 1630 1619 1725; baseline -0.004 -23"><span class='ocrx_word' id='word_1_77' title='bbox 406 1636 491 1702; x_wconf 85' lang='lat' dir='ltr'>fraus</span> <span class='ocrx_word' id='word_1_78' title='bbox 509 1633 651 1725; x_wconf 86' lang='lat' dir='ltr'>perpluit</span> <span class='ocrx_word' id='word_1_79' title='bbox 671 1632 703 1695; x_wconf 94' lang='lat' dir='ltr'>in</span> <span class='ocrx_word' id='word_1_80' title='bbox 718 1630 760 1695; x_wconf 75' lang='grc' dir='ltr'><strong><em>τα</em></strong></span> <span class='ocrx_word' id='word_1_81' title='bbox 780 1630 885 1713; x_wconf 81' lang='grc' dir='ltr'><strong><em>ξένια,</em></strong></span> <span class='ocrx_word' id='word_1_82' title='bbox 910 1636 968 1694; x_wconf 81' lang='grc' dir='ltr'>τῶν</span> <span class='ocrx_word' id='word_1_83' title='bbox 984 1631 1103 1708; x_wconf 79' lang='grc' dir='ltr'><strong><em>ξενίαν,</em></strong></span> <span class='ocrx_word' id='word_1_84' title='bbox 1129 1642 1194 1705; x_wconf 82' lang='grc' dir='ltr'><strong><em>τοῖς</em></strong></span> <span class='ocrx_word' id='word_1_85' title='bbox 1214 1634 1339 1710; x_wconf 78' lang='grc' dir='ltr'><strong><em>ξενίαις,</em></strong></span> <span class='ocrx_word' id='word_1_86' title='bbox 1358 1646 1395 1697; x_wconf 82' lang='lat' dir='ltr'>ut</span> <span class='ocrx_word' id='word_1_87' title='bbox 1413 1633 1495 1722; x_wconf 88' lang='lat' dir='ltr'>apud</span> <span class='ocrx_word' id='word_1_88' title='bbox 1518 1633 1583 1698; x_wconf 77' lang='lat' dir='ltr'>du·</span> <span class='ocrx_word' id='word_1_89' title='bbox 1612 1662 1619 1672; x_wconf 88' lang='lat'><strong>·</strong></span> 
     </span>
     <span class='ocr_line' id='line_1_11' title="bbox 406 1736 1582 1820; baseline -0.004 -12"><span class='ocrx_word' id='word_1_90' title='bbox 406 1760 552 1808; x_wconf 81' lang='lat' dir='ltr'>sclttrlnu</span> <span class='ocrx_word' id='word_1_91' title='bbox 569 1741 610 1804; x_wconf 86' lang='lat' dir='ltr'>de</span> <span class='ocrx_word' id='word_1_92' title='bbox 627 1738 668 1803; x_wconf 79' lang='lat' dir='ltr'>F.</span> <span class='ocrx_word' id='word_1_93' title='bbox 681 1736 719 1802; x_wconf 84' lang='lat' dir='ltr'>L.</span> <span class='ocrx_word' id='word_1_94' title='bbox 738 1738 768 1820; x_wconf 81' lang='lat'>§.</span> <span class='ocrx_word' id='word_1_95' title='bbox 791 1738 854 1798; x_wconf 83' lang='lat'>162</span> <span class='ocrx_word' id='word_1_96' title='bbox 874 1736 1004 1810; x_wconf 76' lang='grc' dir='ltr'><strong><em>έκλήένν</em></strong></span> <span class='ocrx_word' id='word_1_97' title='bbox 1024 1737 1081 1814; x_wconf 83' lang='grc' dir='ltr'>μὲν</span> <span class='ocrx_word' id='word_1_98' title='bbox 1097 1736 1160 1818; x_wconf 71' lang='grc' dir='ltr'><strong><em>γαρ</em></strong></span> <span class='ocrx_word' id='word_1_99' title='bbox 1180 1738 1231 1801; x_wconf 78' lang='grc' dir='ltr'>ἐπὶ</span> <span class='ocrx_word' id='word_1_100' title='bbox 1253 1738 1295 1801; x_wconf 77' lang='grc' dir='ltr'><strong><em>τα</em></strong></span> <span class='ocrx_word' id='word_1_101' title='bbox 1315 1738 1401 1815; x_wconf 89' lang='grc' dir='ltr'><strong><em>ξένια</em></strong></span> <span class='ocrx_word' id='word_1_102' title='bbox 1416 1738 1501 1815; x_wconf 77' lang='grc' dir='ltr'><strong><em>μετα</em></strong></span> <span class='ocrx_word' id='word_1_103' title='bbox 1523 1744 1582 1804; x_wconf 80' lang='grc' dir='ltr'>τῶν</span> 
     </span>
     <span class='ocr_line' id='line_1_12' title="bbox 405 1840 1582 1932; baseline -0.003 -20"><span class='ocrx_word' id='word_1_104' title='bbox 405 1845 653 1925; x_wconf 78' lang='grc' dir='ltr'><strong><em>συμπρέσβεων,</em></strong></span> <span class='ocrx_word' id='word_1_105' title='bbox 682 1853 714 1906; x_wconf 82' lang='lat' dir='ltr'>et</span> <span class='ocrx_word' id='word_1_106' title='bbox 743 1842 776 1904; x_wconf 90' lang='lat' dir='ltr'>in</span> <span class='ocrx_word' id='word_1_107' title='bbox 808 1840 1040 1918; x_wconf 86' lang='lat' dir='ltr'>marmoribus,</span> <span class='ocrx_word' id='word_1_108' title='bbox 1063 1840 1119 1905; x_wconf 91' lang='lat' dir='ltr'>ubi</span> <span class='ocrx_word' id='word_1_109' title='bbox 1142 1841 1314 1931; x_wconf 81' lang='lat' dir='ltr'>delegatis</span> <span class='ocrx_word' id='word_1_110' title='bbox 1335 1849 1582 1932; x_wconf 75' lang='grc' dir='ltr'><strong><em>εσορσΚΑΛΕ-</em></strong></span> 
     </span>
     <span class='ocr_line' id='line_1_13' title="bbox 405 1946 1583 2037; baseline -0.004 -20"><span class='ocrx_word' id='word_1_111' title='bbox 405 1956 678 2017; x_wconf 71' lang='grc' dir='ltr'><strong>(ΣΛΙΕΠΙΞΕΝΙΑ</strong></span> <span class='ocrx_word' id='word_1_112' title='bbox 698 1946 815 2035; x_wconf 80' lang='lat' dir='ltr'>legitur</span> <span class='ocrx_word' id='word_1_113' title='bbox 831 1968 894 2011; x_wconf 92' lang='lat' dir='ltr'>non</span> <span class='ocrx_word' id='word_1_114' title='bbox 916 1954 1071 2014; x_wconf 79' lang='grc' dir='ltr'><strong>ΞΕΝΙΛΙ.</strong></span> <span class='ocrx_word' id='word_1_115' title='bbox 1118 1946 1201 2012; x_wconf 86' lang='lat' dir='ltr'>Male</span> <span class='ocrx_word' id='word_1_116' title='bbox 1229 1947 1313 2037; x_wconf 89' lang='lat' dir='ltr'>apud</span> <span class='ocrx_word' id='word_1_117' title='bbox 1336 1947 1583 2011; x_wconf 76' lang='lat' dir='ltr'>usnosmsnau</span> 
     </span>
     <span class='ocr_line' id='line_1_14' title="bbox 405 2049 1657 2146; baseline -0.001 -27"><span class='ocrx_word' id='word_1_118' title='bbox 405 2079 437 2146; x_wconf 89' lang='lat' dir='ltr'>p.</span> <span class='ocrx_word' id='word_1_119' title='bbox 464 2058 517 2119; x_wconf 81' lang='lat'>81.</span> <span class='ocrx_word' id='word_1_120' title='bbox 543 2056 594 2117; x_wconf 86' lang='lat'>20.</span> <span class='ocrx_word' id='word_1_121' title='bbox 627 2054 652 2117; x_wconf 80' lang='lat' dir='ltr'>oi</span> <span class='ocrx_word' id='word_1_122' title='bbox 688 2052 836 2138; x_wconf 71' lang='grc' dir='ltr'><strong><em>πρέσβεις</em></strong></span> <span class='ocrx_word' id='word_1_123' title='bbox 866 2052 954 2115; x_wconf 79' lang='grc' dir='ltr'><strong><em>αὐτοὶ</em></strong></span> <span class='ocrx_word' id='word_1_124' title='bbox 994 2049 1039 2116; x_wconf 71' lang='grc' dir='ltr'>ἔτ’</span> <span class='ocrx_word' id='word_1_125' title='bbox 1069 2052 1119 2116; x_wconf 75' lang='grc' dir='ltr'>έπὶ</span> <span class='ocrx_word' id='word_1_126' title='bbox 1152 2052 1255 2129; x_wconf 80' lang='grc' dir='ltr'><strong><em>ξενίαν</em></strong></span> <span class='ocrx_word' id='word_1_127' title='bbox 1287 2052 1400 2122; x_wconf 84' lang='grc' dir='ltr'><strong><em>αὐτοὺς</em></strong></span> <span class='ocrx_word' id='word_1_128' title='bbox 1433 2053 1581 2118; x_wconf 83' lang='grc' dir='ltr'><strong><em>ἐκαλεῖτε</em></strong></span> <span class='ocrx_word' id='word_1_129' title='bbox 1652 2061 1657 2069; x_wconf 89' lang='grc'>’</span> 
     </span>
     <span class='ocr_line' id='line_1_15' title="bbox 406 2154 1581 2244; baseline -0.003 -19"><span class='ocrx_word' id='word_1_130' title='bbox 406 2161 612 2225; x_wconf 79' lang='lat' dir='ltr'>ll1nuonr1us</span> <span class='ocrx_word' id='word_1_131' title='bbox 631 2154 751 2233; x_wconf 88' lang='lat' dir='ltr'>edidit,</span> <span class='ocrx_word' id='word_1_132' title='bbox 775 2178 874 2244; x_wconf 92' lang='lat' dir='ltr'>quum</span> <span class='ocrx_word' id='word_1_133' title='bbox 894 2156 950 2219; x_wconf 87' lang='lat' dir='ltr'>alii</span> <span class='ocrx_word' id='word_1_134' title='bbox 967 2155 1074 2239; x_wconf 77' lang='grc' dir='ltr'><strong><em>ξενία,</em></strong></span> <span class='ocrx_word' id='word_1_135' title='bbox 1097 2156 1153 2220; x_wconf 88' lang='lat' dir='ltr'>alii</span> <span class='ocrx_word' id='word_1_136' title='bbox 1174 2158 1261 2235; x_wconf 86' lang='grc' dir='ltr'><strong><em>ξενια</em></strong></span> <span class='ocrx_word' id='word_1_137' title='bbox 1282 2167 1423 2234; x_wconf 76' lang='lat' dir='ltr'>servent,</span> <span class='ocrx_word' id='word_1_138' title='bbox 1442 2167 1474 2220; x_wconf 90' lang='lat' dir='ltr'>et</span> <span class='ocrx_word' id='word_1_139' title='bbox 1494 2155 1581 2233; x_wconf 86' lang='grc' dir='ltr'><strong><em>ξένια</em></strong></span> 
     </span>
     <span class='ocr_line' id='line_1_16' title="bbox 404 2258 1576 2339; baseline -0.001 -11"><span class='ocrx_word' id='word_1_140' title='bbox 404 2274 528 2328; x_wconf 88' lang='lat' dir='ltr'>certum</span> <span class='ocrx_word' id='word_1_141' title='bbox 559 2262 613 2339; x_wconf 86' lang='lat' dir='ltr'>sit;</span> <span class='ocrx_word' id='word_1_142' title='bbox 644 2272 677 2324; x_wconf 88' lang='lat' dir='ltr'>at</span> <span class='ocrx_word' id='word_1_143' title='bbox 706 2270 792 2324; x_wconf 89' lang='lat' dir='ltr'>recte</span> <span class='ocrx_word' id='word_1_144' title='bbox 820 2258 905 2324; x_wconf 88' lang='lat' dir='ltr'>idem</span> <span class='ocrx_word' id='word_1_145' title='bbox 934 2259 966 2322; x_wconf 91' lang='lat' dir='ltr'>in</span> <span class='ocrx_word' id='word_1_146' title='bbox 993 2259 1181 2323; x_wconf 79' lang='lat' dir='ltr'>Hellenicis</span> <span class='ocrx_word' id='word_1_147' title='bbox 1210 2258 1262 2323; x_wconf 84' lang='lat' dir='ltr'>Vl.</span> <span class='ocrx_word' id='word_1_148' title='bbox 1280 2279 1324 2325; x_wconf 81' lang='lat' dir='ltr'>lv.</span> <span class='ocrx_word' id='word_1_149' title='bbox 1344 2264 1396 2325; x_wconf 84' lang='lat'>20.</span> <span class='ocrx_word' id='word_1_150' title='bbox 1419 2261 1508 2326; x_wconf 83' lang='lat' dir='ltr'>dedit</span> <span class='ocrx_word' id='word_1_151' title='bbox 1526 2262 1576 2327; x_wconf 78' lang='grc' dir='ltr'>ἐπὶ</span> 
     </span>
     <span class='ocr_line' id='line_1_17' title="bbox 405 2363 1579 2455; baseline 0 -23"><span class='ocrx_word' id='word_1_152' title='bbox 405 2368 492 2447; x_wconf 82' lang='grc' dir='ltr'><strong><em>ξένια</em></strong></span> <span class='ocrx_word' id='word_1_153' title='bbox 526 2368 578 2433; x_wconf 78' lang='grc' dir='ltr'>τὸν</span> <span class='ocrx_word' id='word_1_154' title='bbox 603 2366 721 2446; x_wconf 72' lang='grc' dir='ltr'><strong><em>κήρυκα</em></strong></span> <span class='ocrx_word' id='word_1_155' title='bbox 747 2363 923 2445; x_wconf 71' lang='grc' dir='ltr'><strong><em>ἐκάλεσαν,</em></strong></span> <span class='ocrx_word' id='word_1_156' title='bbox 958 2363 1067 2453; x_wconf 84' lang='lat' dir='ltr'>idque·</span> <span class='ocrx_word' id='word_1_157' title='bbox 1085 2365 1234 2429; x_wconf 84' lang='lat' dir='ltr'>omnibus</span> <span class='ocrx_word' id='word_1_158' title='bbox 1258 2365 1337 2429; x_wconf 88' lang='lat' dir='ltr'>locis</span> <span class='ocrx_word' id='word_1_159' title='bbox 1358 2367 1579 2455; x_wconf 90' lang='lat' dir='ltr'>reponendum</span> 
     </span>
     <span class='ocr_line' id='line_1_18' title="bbox 405 2468 1578 2563; baseline -0.002 -24"><span class='ocrx_word' id='word_1_160' title='bbox 405 2484 509 2563; x_wconf 82' lang='lat' dir='ltr'>spreta</span> <span class='ocrx_word' id='word_1_161' title='bbox 538 2470 624 2536; x_wconf 84' lang='lat' dir='ltr'>sutili</span> <span class='ocrx_word' id='word_1_162' title='bbox 653 2468 840 2533; x_wconf 86' lang='lat' dir='ltr'>auctoritato</span> <span class='ocrx_word' id='word_1_163' title='bbox 872 2468 1048 2535; x_wconf 87' lang='lat' dir='ltr'>scribarum</span> <span class='ocrx_word' id='word_1_164' title='bbox 1067 2470 1187 2534; x_wconf 72' lang='lat' dir='ltr'>¹omnia</span> <span class='ocrx_word' id='word_1_165' title='bbox 1215 2474 1499 2562; x_wconf 82' lang='lat' dir='ltr'>corrumpentium.</span> <span class='ocrx_word' id='word_1_166' title='bbox 1539 2472 1578 2537; x_wconf 90' lang='lat' dir='ltr'>ln</span> 
     </span>
     <span class='ocr_line' id='line_1_19' title="bbox 405 2566 1580 2667; baseline 0.002 -24"><span class='ocrx_word' id='word_1_167' title='bbox 405 2566 480 2664; x_wconf 83' lang='lat'>§30</span> <span class='ocrx_word' id='word_1_168' title='bbox 496 2601 554 2667; x_wconf 89' lang='lat' dir='ltr'>pro</span> <span class='ocrx_word' id='word_1_169' title='bbox 574 2576 750 2653; x_wconf 75' lang='grc' dir='ltr'>διεξέπεσεν</span> <span class='ocrx_word' id='word_1_170' title='bbox 770 2572 904 2638; x_wconf 88' lang='lat' dir='ltr'>emenda</span> <span class='ocrx_word' id='word_1_171' title='bbox 922 2575 1130 2651; x_wconf 75' lang='grc' dir='ltr'><strong><em>διεξέπαισεν,</em></strong></span> <span class='ocrx_word' id='word_1_172' title='bbox 1150 2599 1233 2665; x_wconf 89' lang='lat' dir='ltr'>quae</span> <span class='ocrx_word' id='word_1_173' title='bbox 1251 2576 1373 2641; x_wconf 86' lang='lat' dir='ltr'>formae</span> <span class='ocrx_word' id='word_1_174' title='bbox 1390 2579 1580 2645; x_wconf 84' lang='lat' dir='ltr'>creberrime</span> 
     </span>
     <span class='ocr_line' id='line_1_20' title="bbox 319 2674 1578 2768; baseline -0.001 -18"><span class='ocrx_word' id='word_1_175' title='bbox 319 2756 321 2761; x_wconf 59' lang='grc'>,</span> <span class='ocrx_word' id='word_1_176' title='bbox 405 2684 656 2765; x_wconf 79' lang='lat' dir='ltr'>conlunduntur.</span> <span class='ocrx_word' id='word_1_177' title='bbox 684 2683 709 2765; x_wconf 73' lang='lat'>§.</span> <span class='ocrx_word' id='word_1_178' title='bbox 724 2684 779 2745; x_wconf 88' lang='grc'>33.</span> <span class='ocrx_word' id='word_1_179' title='bbox 803 2674 913 2743; x_wconf 67' lang='grc' dir='ltr'><strong><em>τᾶλλα</em></strong></span> <span class='ocrx_word' id='word_1_180' title='bbox 937 2680 1095 2760; x_wconf 72' lang='grc' dir='ltr'><strong><em>ε’ξήρτιςσ,</em></strong></span> <span class='ocrx_word' id='word_1_181' title='bbox 1123 2680 1194 2768; x_wconf 82' lang='lat' dir='ltr'>lege</span> <span class='ocrx_word' id='word_1_182' title='bbox 1213 2681 1370 2762; x_wconf 77' lang='grc' dir='ltr'><strong><em>ἐξήρτυτο.</em></strong></span> <span class='ocrx_word' id='word_1_183' title='bbox 1419 2682 1473 2748; x_wconf 89' lang='lat' dir='ltr'>Sic</span> <span class='ocrx_word' id='word_1_184' title='bbox 1492 2685 1578 2751; x_wconf 85' lang='lat' dir='ltr'>enirn</span> 
     </span>
     <span class='ocr_line' id='line_1_21' title="bbox 405 2786 1577 2876; baseline -0.002 -18"><span class='ocrx_word' id='word_1_185' title='bbox 405 2803 524 2859; x_wconf 71' lang='lat' dir='ltr'>veteres</span> <span class='ocrx_word' id='word_1_186' title='bbox 553 2790 584 2854; x_wconf 87' lang='lat' dir='ltr'>in</span> <span class='ocrx_word' id='word_1_187' title='bbox 610 2811 645 2853; x_wconf 84' lang='lat' dir='ltr'>ea</span> <span class='ocrx_word' id='word_1_188' title='bbox 666 2810 699 2851; x_wconf 89' lang='lat' dir='ltr'>re</span> <span class='ocrx_word' id='word_1_189' title='bbox 722 2786 899 2876; x_wconf 89' lang='lat' dir='ltr'>loquuntur</span> <span class='ocrx_word' id='word_1_190' title='bbox 928 2807 1056 2862; x_wconf 88' lang='lat' dir='ltr'>omnes,</span> <span class='ocrx_word' id='word_1_191' title='bbox 1081 2786 1226 2874; x_wconf 78' lang='lat' dir='ltr'>exempla</span> <span class='ocrx_word' id='word_1_192' title='bbox 1246 2788 1361 2874; x_wconf 89' lang='lat' dir='ltr'>passim</span> <span class='ocrx_word' id='word_1_193' title='bbox 1383 2801 1458 2853; x_wconf 83' lang='lat' dir='ltr'>sunt</span> <span class='ocrx_word' id='word_1_194' title='bbox 1476 2790 1577 2857; x_wconf 74' lang='lat' dir='ltr'>obvia.</span> 
     </span>
     <span class='ocr_line' id='line_1_22' title="bbox 403 2890 1578 2982; baseline 0 -20"><span class='ocrx_word' id='word_1_195' title='bbox 403 2897 573 2978; x_wconf 83' lang='grc' dir='ltr'><strong><em>έξαρτίζειν</em></strong></span> <span class='ocrx_word' id='word_1_196' title='bbox 602 2892 785 2982; x_wconf 76' lang='lat' dir='ltr'>sequiorem</span> <span class='ocrx_word' id='word_1_197' title='bbox 816 2903 862 2956; x_wconf 87' lang='lat' dir='ltr'>est</span> <span class='ocrx_word' id='word_1_198' title='bbox 893 2890 982 2955; x_wconf 89' lang='lat' dir='ltr'>labes</span> <span class='ocrx_word' id='word_1_199' title='bbox 1012 2903 1068 2955; x_wconf 88' lang='lat' dir='ltr'>aut</span> <span class='ocrx_word' id='word_1_200' title='bbox 1095 2915 1206 2957; x_wconf 89' lang='lat' dir='ltr'>eorum</span> <span class='ocrx_word' id='word_1_201' title='bbox 1227 2891 1284 2981; x_wconf 91' lang='lat' dir='ltr'>qui</span> <span class='ocrx_word' id='word_1_202' title='bbox 1303 2905 1391 2959; x_wconf 75' lang='lat' dir='ltr'>extra</span> <span class='ocrx_word' id='word_1_203' title='bbox 1414 2895 1578 2962; x_wconf 80' lang='lat' dir='ltr'>Graeciam</span> 
     </span>
     <span class='ocr_line' id='line_1_23' title="bbox 402 2996 1576 3088; baseline 0.002 -21"><span class='ocrx_word' id='word_1_204' title='bbox 402 3002 469 3069; x_wconf 87' lang='lat' dir='ltr'>nati</span> <span class='ocrx_word' id='word_1_205' title='bbox 495 3001 614 3065; x_wconf 86' lang='lat' dir='ltr'>Graece</span> <span class='ocrx_word' id='word_1_206' title='bbox 642 2997 864 3063; x_wconf 86' lang='lat' dir='ltr'>balbutiebant</span> <span class='ocrx_word' id='word_1_207' title='bbox 889 2996 990 3085; x_wconf 78' lang='lat' dir='ltr'>magis</span> <span class='ocrx_word' id='word_1_208' title='bbox 1009 3020 1104 3088; x_wconf 89' lang='lat' dir='ltr'>quam</span> <span class='ocrx_word' id='word_1_209' title='bbox 1128 2999 1354 3088; x_wconf 82' lang='lat' dir='ltr'>loquebantur.</span> <span class='ocrx_word' id='word_1_210' title='bbox 1378 3004 1395 3086; x_wconf 87' lang='lat'>§</span> <span class='ocrx_word' id='word_1_211' title='bbox 1420 3008 1472 3067; x_wconf 89' lang='grc'>34.</span> <span class='ocrx_word' id='word_1_212' title='bbox 1490 3004 1576 3080; x_wconf 77' lang='grc' dir='ltr'><strong><em>μετὰ</em></strong></span> 
     </span>
     <span class='ocr_line' id='line_1_24' title="bbox 400 3103 1576 3193; baseline 0 -22"><span class='ocrx_word' id='word_1_213' title='bbox 400 3106 511 3177; x_wconf 76' lang='grc' dir='ltr'><strong><em>παιδὸς</em></strong></span> <span class='ocrx_word' id='word_1_214' title='bbox 534 3103 564 3169; x_wconf 74' lang='grc' dir='ltr'>ὃν</span> <span class='ocrx_word' id='word_1_215' title='bbox 587 3105 690 3185; x_wconf 66' lang='lat' dir='ltr'>ipsius:</span> <span class='ocrx_word' id='word_1_216' title='bbox 715 3104 844 3193; x_wconf 90' lang='lat' dir='ltr'>requiro</span> <span class='ocrx_word' id='word_1_217' title='bbox 866 3104 951 3181; x_wconf 68' lang='grc' dir='ltr'><strong><em>μετὰ</em></strong></span> <span class='ocrx_word' id='word_1_218' title='bbox 976 3110 1030 3168; x_wconf 81' lang='grc' dir='ltr'>τοῦ</span> <span class='ocrx_word' id='word_1_219' title='bbox 1055 3105 1177 3176; x_wconf 79' lang='grc' dir='ltr'>παιδός.</span> <span class='ocrx_word' id='word_1_220' title='bbox 1203 3108 1221 3190; x_wconf 87' lang='lat'>§</span> <span class='ocrx_word' id='word_1_221' title='bbox 1243 3109 1295 3170; x_wconf 91' lang='grc'>40.</span> <span class='ocrx_word' id='word_1_222' title='bbox 1317 3108 1576 3187; x_wconf 72' lang='grc' dir='ltr'><strong><em>πενταςαδιαῖσν,</em></strong></span> 
     </span>
     <span class='ocr_line' id='line_1_25' title="bbox 402 3206 1574 3297; baseline 0.001 -22"><span class='ocrx_word' id='word_1_223' title='bbox 402 3210 504 3275; x_wconf 81' lang='lat' dir='ltr'>scribe</span> <span class='ocrx_word' id='word_1_224' title='bbox 534 3210 780 3277; x_wconf 79' lang='grc' dir='ltr'><strong><em>πεντεταδικῖσν.</em></strong></span> <span class='ocrx_word' id='word_1_225' title='bbox 831 3206 986 3271; x_wconf 71' lang='lat' dir='ltr'>maistin</span> <span class='ocrx_word' id='word_1_226' title='bbox 1017 3208 1200 3297; x_wconf 87' lang='lat' dir='ltr'>compositis</span> <span class='ocrx_word' id='word_1_227' title='bbox 1228 3223 1353 3275; x_wconf 77' lang='lat' dir='ltr'>serrant</span> <span class='ocrx_word' id='word_1_228' title='bbox 1379 3212 1493 3285; x_wconf 81' lang='grc' dir='ltr'><strong><em>πέντε,</em></strong></span> <span class='ocrx_word' id='word_1_229' title='bbox 1519 3211 1574 3290; x_wconf 83' lang='grc' dir='ltr'>ἕξ,</span> 
     </span>
     <span class='ocr_line' id='line_1_26' title="bbox 399 3312 1575 3401; baseline 0.002 -22"><span class='ocrx_word' id='word_1_230' title='bbox 399 3318 478 3379; x_wconf 77' lang='grc' dir='ltr'><strong><em>’ὀκτώ</em></strong></span> <span class='ocrx_word' id='word_1_231' title='bbox 501 3315 685 3379; x_wconf 88' lang='lat' dir='ltr'>immutata:</span> <span class='ocrx_word' id='word_1_232' title='bbox 713 3312 842 3391; x_wconf 79' lang='grc' dir='ltr'><strong><em>ἕξπσνς,</em></strong></span> <span class='ocrx_word' id='word_1_233' title='bbox 869 3315 1041 3390; x_wconf 80' lang='grc' dir='ltr'><strong><em>σ’κτώπσνς,</em></strong></span> <span class='ocrx_word' id='word_1_234' title='bbox 1064 3313 1227 3395; x_wconf 74' lang='grc' dir='ltr'><strong><em>ἕξπκχνς,</em></strong></span> <span class='ocrx_word' id='word_1_235' title='bbox 1254 3316 1433 3393; x_wconf 80' lang='grc' dir='ltr'><strong><em>ἑξμέδιμνσς</em></strong></span> <span class='ocrx_word' id='word_1_236' title='bbox 1459 3317 1506 3401; x_wconf 80' lang='lat' dir='ltr'>(at</span> <span class='ocrx_word' id='word_1_237' title='bbox 1523 3315 1575 3381; x_wconf 85' lang='grc' dir='ltr'>έκ-</span> 
     </span>
     <span class='ocr_line' id='line_1_27' title="bbox 400 3419 1576 3508; baseline 0.003 -24"><span class='ocrx_word' id='word_1_238' title='bbox 400 3423 546 3505; x_wconf 80' lang='grc' dir='ltr'><strong><em>πλεέρσς,</em></strong></span> <span class='ocrx_word' id='word_1_239' title='bbox 573 3419 716 3508; x_wconf 55' lang='lat' dir='ltr'>durannus)</span> <span class='ocrx_word' id='word_1_240' title='bbox 739 3422 930 3501; x_wconf 78' lang='grc' dir='ltr'><strong><em>σ’κτέιμννσς,</em></strong></span> <span class='ocrx_word' id='word_1_241' title='bbox 956 3420 1210 3494; x_wconf 77' lang='grc' dir='ltr'><strong><em>έκταδιέκτνλσς,</em></strong></span> <span class='ocrx_word' id='word_1_242' title='bbox 1236 3422 1347 3486; x_wconf 88' lang='lat' dir='ltr'>eodem</span> <span class='ocrx_word' id='word_1_243' title='bbox 1369 3420 1466 3495; x_wconf 85' lang='lat' dir='ltr'>modo</span> <span class='ocrx_word' id='word_1_244' title='bbox 1486 3421 1576 3488; x_wconf 87' lang='lat' dir='ltr'>dice·</span> 
     </span>
     <span class='ocr_line' id='line_1_28' title="bbox 401 3525 1576 3608; baseline 0.003 -17"><span class='ocrx_word' id='word_1_245' title='bbox 401 3526 480 3591; x_wconf 88' lang='lat' dir='ltr'>bant</span> <span class='ocrx_word' id='word_1_246' title='bbox 505 3527 700 3608; x_wconf 79' lang='grc' dir='ltr'><strong><em>πεντετνρές,</em></strong></span> <span class='ocrx_word' id='word_1_247' title='bbox 727 3525 937 3603; x_wconf 82' lang='grc' dir='ltr'><strong><em>πεντέραννσν,</em></strong></span> <span class='ocrx_word' id='word_1_248' title='bbox 964 3526 1178 3600; x_wconf 88' lang='grc' dir='ltr'><strong><em>πεντέκλινσν,</em></strong></span> <span class='ocrx_word' id='word_1_249' title='bbox 1205 3528 1441 3608; x_wconf 83' lang='grc' dir='ltr'><strong><em>πεντέχαλκσν,</em></strong></span> <span class='ocrx_word' id='word_1_250' title='bbox 1464 3530 1576 3595; x_wconf 86' lang='grc' dir='ltr'><strong><em>πεντέ-</em></strong></span> 
     </span>
     <span class='ocr_line' id='line_1_29' title="bbox 398 3630 1577 3713; baseline 0.002 -16"><span class='ocrx_word' id='word_1_251' title='bbox 398 3656 492 3713; x_wconf 64' lang='lat' dir='ltr'>xnus,</span> <span class='ocrx_word' id='word_1_252' title='bbox 523 3631 793 3703; x_wconf 61' lang='lat' dir='ltr'>narrandumne,</span> <span class='ocrx_word' id='word_1_253' title='bbox 820 3630 1065 3711; x_wconf 72' lang='grc' dir='ltr'><strong><em>πεντεσύριρναν</em></strong></span> <span class='ocrx_word' id='word_1_254' title='bbox 1090 3630 1182 3707; x_wconf 79' lang='grc' dir='ltr'><strong><em>ξύλον</em></strong></span> <span class='ocrx_word' id='word_1_255' title='bbox 1204 3632 1265 3696; x_wconf 89' lang='lat' dir='ltr'>alia</span> <span class='ocrx_word' id='word_1_256' title='bbox 1289 3644 1321 3710; x_wconf 92' lang='lat'>¹,</span> <span class='ocrx_word' id='word_1_257' title='bbox 1350 3632 1414 3697; x_wconf 78' lang='lat' dir='ltr'>vid.</span> <span class='ocrx_word' id='word_1_258' title='bbox 1435 3633 1577 3699; x_wconf 82' lang='lat' dir='ltr'>Pruusotr</span> 
     </span>
     <span class='ocr_line' id='line_1_30' title="bbox 399 3735 1577 3828; baseline 0.001 -26"><span class='ocrx_word' id='word_1_259' title='bbox 399 3737 440 3802; x_wconf 83' lang='lat' dir='ltr'>ad</span> <span class='ocrx_word' id='word_1_260' title='bbox 460 3736 642 3803; x_wconf 79' lang='lat' dir='ltr'>Mornmsu</span> <span class='ocrx_word' id='word_1_261' title='bbox 660 3760 691 3826; x_wconf 95' lang='lat' dir='ltr'>p.</span> <span class='ocrx_word' id='word_1_262' title='bbox 713 3740 774 3801; x_wconf 86' lang='lat'>321</span> <span class='ocrx_word' id='word_1_263' title='bbox 798 3746 830 3800; x_wconf 86' lang='lat' dir='ltr'>et</span> <span class='ocrx_word' id='word_1_264' title='bbox 850 3735 985 3800; x_wconf 79' lang='lat' dir='ltr'>Locren</span> <span class='ocrx_word' id='word_1_265' title='bbox 1004 3735 1044 3799; x_wconf 86' lang='lat' dir='ltr'>ad</span> <span class='ocrx_word' id='word_1_266' title='bbox 1065 3735 1290 3801; x_wconf 84' lang='lat' dir='ltr'>Pnnrmcunu</span> <span class='ocrx_word' id='word_1_267' title='bbox 1309 3762 1339 3828; x_wconf 90' lang='lat' dir='ltr'>p.</span> <span class='ocrx_word' id='word_1_268' title='bbox 1357 3741 1431 3802; x_wconf 84' lang='grc'><strong>412.</strong></span> <span class='ocrx_word' id='word_1_269' title='bbox 1465 3738 1577 3805; x_wconf 85' lang='lat' dir='ltr'>Certa-</span> 
     </span>
     <span class='ocr_line' id='line_1_31' title="bbox 399 3841 1574 3931; baseline 0.002 -24"><span class='ocrx_word' id='word_1_270' title='bbox 399 3842 458 3907; x_wconf 89' lang='lat' dir='ltr'>tim</span> <span class='ocrx_word' id='word_1_271' title='bbox 485 3842 516 3906; x_wconf 90' lang='lat' dir='ltr'>in</span> <span class='ocrx_word' id='word_1_272' title='bbox 546 3842 595 3907; x_wconf 85' lang='lat' dir='ltr'>his</span> <span class='ocrx_word' id='word_1_273' title='bbox 623 3843 744 3907; x_wconf 84' lang='lat' dir='ltr'>scribae</span> <span class='ocrx_word' id='word_1_274' title='bbox 771 3841 969 3906; x_wconf 84' lang='lat' dir='ltr'>delabuntur</span> <span class='ocrx_word' id='word_1_275' title='bbox 996 3841 1035 3905; x_wconf 86' lang='lat' dir='ltr'>ad</span> <span class='ocrx_word' id='word_1_276' title='bbox 1062 3841 1267 3931; x_wconf 87' lang='lat' dir='ltr'>popularium</span> <span class='ocrx_word' id='word_1_277' title='bbox 1287 3842 1574 3924; x_wconf 85' lang='lat' dir='ltr'>consuetudinem,</span> 
     </span>
     <span class='ocr_line' id='line_1_32' title="bbox 380 3946 1573 4043; baseline 0.006 -35"><span class='ocrx_word' id='word_1_278' title='bbox 380 3948 456 4037; x_wconf 89' lang='lat' dir='ltr'>.qui</span> <span class='ocrx_word' id='word_1_279' title='bbox 485 3946 633 4025; x_wconf 77' lang='grc' dir='ltr'><strong><em>ἑξέπσυς,</em></strong></span> <span class='ocrx_word' id='word_1_280' title='bbox 659 3948 832 4031; x_wconf 74' lang='grc' dir='ltr'><strong><em>ὀκταπσνς,</em></strong></span> <span class='ocrx_word' id='word_1_281' title='bbox 857 3947 1053 4025; x_wconf 74' lang='grc' dir='ltr'><strong><em>πενταέραρνσς</em></strong></span> <span class='ocrx_word' id='word_1_282' title='bbox 1081 3948 1149 4012; x_wconf 88' lang='lat' dir='ltr'>sim.</span> <span class='ocrx_word' id='word_1_283' title='bbox 1174 3948 1336 4013; x_wconf 90' lang='lat' dir='ltr'>dicebant:</span> <span class='ocrx_word' id='word_1_284' title='bbox 1359 3946 1435 4012; x_wconf 89' lang='lat' dir='ltr'>binc</span> <span class='ocrx_word' id='word_1_285' title='bbox 1453 3949 1573 4043; x_wconf 83' lang='lat' dir='ltr'>formae</span> 
     </span>
     <span class='ocr_line' id='line_1_33' title="bbox 399 4052 1572 4141; baseline 0.003 -23"><span class='ocrx_word' id='word_1_286' title='bbox 399 4063 520 4118; x_wconf 80' lang='lat' dir='ltr'>veteres</span> <span class='ocrx_word' id='word_1_287' title='bbox 540 4052 655 4141; x_wconf 87' lang='lat' dir='ltr'>passim</span> <span class='ocrx_word' id='word_1_288' title='bbox 675 4052 842 4132; x_wconf 87' lang='lat' dir='ltr'>laborant,</span> <span class='ocrx_word' id='word_1_289' title='bbox 866 4075 962 4141; x_wconf 85' lang='lat' dir='ltr'>saepe</span> <span class='ocrx_word' id='word_1_290' title='bbox 981 4053 1139 4117; x_wconf 80' lang='lat' dir='ltr'>extinctae</span> <span class='ocrx_word' id='word_1_291' title='bbox 1158 4066 1231 4117; x_wconf 88' lang='lat' dir='ltr'>sunt</span> <span class='ocrx_word' id='word_1_292' title='bbox 1250 4065 1282 4117; x_wconf 89' lang='lat' dir='ltr'>et</span> <span class='ocrx_word' id='word_1_293' title='bbox 1305 4054 1340 4116; x_wconf 88' lang='lat' dir='ltr'>in</span> <span class='ocrx_word' id='word_1_294' title='bbox 1361 4053 1472 4119; x_wconf 74' lang='lat' dir='ltr'>Atticis</span> <span class='ocrx_word' id='word_1_295' title='bbox 1491 4056 1572 4120; x_wconf 88' lang='lat' dir='ltr'>etin</span> 
     </span>
     <span class='ocr_line' id='line_1_34' title="bbox 401 4158 1574 4237; baseline 0.006 -14"><span class='ocrx_word' id='word_1_296' title='bbox 401 4158 580 4223; x_wconf 77' lang='lat' dir='ltr'>Atticorum</span> <span class='ocrx_word' id='word_1_297' title='bbox 610 4158 836 4224; x_wconf 85' lang='lat' dir='ltr'>imitatoribus:</span> <span class='ocrx_word' id='word_1_298' title='bbox 867 4159 1130 4237; x_wconf 78' lang='grc' dir='ltr'><strong><em>πενταδραχμιάν</em></strong></span> <span class='ocrx_word' id='word_1_299' title='bbox 1151 4159 1184 4223; x_wconf 92' lang='lat' dir='ltr'>in</span> <span class='ocrx_word' id='word_1_300' title='bbox 1205 4160 1390 4224; x_wconf 77' lang='lat' dir='ltr'>Hellenieis</span> <span class='ocrx_word' id='word_1_301' title='bbox 1412 4158 1435 4226; x_wconf 90' lang='lat' dir='ltr'>I.</span> <span class='ocrx_word' id='word_1_302' title='bbox 1458 4182 1500 4228; x_wconf 84' lang='lat' dir='ltr'>vr.</span> <span class='ocrx_word' id='word_1_303' title='bbox 1523 4166 1574 4230; x_wconf 83' lang='lat'>12.</span> 
     </span>
     <span class='ocr_line' id='line_1_35' title="bbox 398 4262 1574 4353; baseline 0.002 -23"><span class='ocrx_word' id='word_1_304' title='bbox 398 4265 522 4353; x_wconf 80' lang='lat' dir='ltr'>corrige</span> <span class='ocrx_word' id='word_1_305' title='bbox 556 4264 588 4329; x_wconf 89' lang='lat' dir='ltr'>in</span> <span class='ocrx_word' id='word_1_306' title='bbox 620 4264 898 4347; x_wconf 70' lang='grc' dir='ltr'><strong><em>πεντεδραχμίαν,</em></strong></span> <span class='ocrx_word' id='word_1_307' title='bbox 933 4262 1021 4353; x_wconf 90' lang='lat' dir='ltr'>quod</span> <span class='ocrx_word' id='word_1_308' title='bbox 1050 4265 1149 4330; x_wconf 81' lang='lat' dir='ltr'>evasit</span> <span class='ocrx_word' id='word_1_309' title='bbox 1180 4266 1211 4330; x_wconf 90' lang='lat' dir='ltr'>in</span> <span class='ocrx_word' id='word_1_310' title='bbox 1247 4268 1426 4333; x_wconf 79' lang='lat' dir='ltr'>Dtnsncuo</span> <span class='ocrx_word' id='word_1_311' title='bbox 1456 4278 1574 4333; x_wconf 81' lang='lat' dir='ltr'>contra</span> 
     </span>
    </p>
   </div>
   <div class='ocr_carea' id='block_1_3' title="bbox 402 4443 625 4456">
    <p class='ocr_par' dir='ltr' id='par_1_3' title="bbox 402 4443 625 4456">
     <span class='ocr_line' id='line_1_36' title="bbox 402 4443 625 4456; baseline 0.004 -2"><span class='ocrx_word' id='word_1_312' title='bbox 402 4443 625 4456; x_wconf 79' lang='lat'>———</span> 
     </span>
    </p>
   </div>
   <div class='ocr_carea' id='block_1_4' title="bbox 395 4536 1574 4774">
    <p class='ocr_par' dir='ltr' id='par_1_4' title="bbox 395 4536 1574 4774">
     <span class='ocr_line' id='line_1_37' title="bbox 433 4536 1573 4606; baseline -0.001 -17"><span class='ocrx_word' id='word_1_313' title='bbox 433 4538 601 4603; x_wconf 77' lang='lat' dir='ltr'>¹)Ptt0r1us:</span> <span class='ocrx_word' id='word_1_314' title='bbox 627 4536 861 4601; x_wconf 70' lang='grc' dir='ltr'><strong><em>Πεντελιέέέζεννε</em></strong></span> <span class='ocrx_word' id='word_1_315' title='bbox 888 4538 935 4586; x_wconf 76' lang='grc' dir='ltr'>διὰ</span> <span class='ocrx_word' id='word_1_316' title='bbox 961 4539 1009 4587; x_wconf 84' lang='grc' dir='ltr'>τοῦ</span> <span class='ocrx_word' id='word_1_317' title='bbox 1033 4556 1045 4586; x_wconf 79' lang='lat' dir='ltr'>s</span> <span class='ocrx_word' id='word_1_318' title='bbox 1069 4537 1191 4602; x_wconf 77' lang='grc' dir='ltr'>λέγουσιν</span> <span class='ocrx_word' id='word_1_319' title='bbox 1209 4547 1234 4589; x_wconf 87' lang='lat' dir='ltr'>et</span> <span class='ocrx_word' id='word_1_320' title='bbox 1251 4540 1421 4606; x_wconf 71' lang='grc' dir='ltr'>Περσέαιρχιι</span> <span class='ocrx_word' id='word_1_321' title='bbox 1442 4540 1487 4588; x_wconf 76' lang='grc' dir='ltr'><strong><em>καὶ</em></strong></span> <span class='ocrx_word' id='word_1_322' title='bbox 1506 4556 1573 4588; x_wconf 73' lang='grc' dir='ltr'><strong><em>σεεν·</em></strong></span> 
     </span>
     <span class='ocr_line' id='line_1_38' title="bbox 395 4612 1574 4688; baseline 0 -15"><span class='ocrx_word' id='word_1_323' title='bbox 395 4612 521 4673; x_wconf 47' lang='lat' dir='ltr'>&#39;viniones‘</span> <span class='ocrx_word' id='word_1_324' title='bbox 538 4622 585 4672; x_wconf 72' lang='lat' dir='ltr'>aul</span> <span class='ocrx_word' id='word_1_325' title='bbox 603 4620 792 4687; x_wconf 74' lang='grc' dir='ltr'>πεντέχιιλκον</span> <span class='ocrx_word' id='word_1_326' title='bbox 810 4623 855 4671; x_wconf 73' lang='grc' dir='ltr'><strong><em>καὶ</em></strong></span> <span class='ocrx_word' id='word_1_327' title='bbox 875 4623 1044 4687; x_wconf 78' lang='grc' dir='ltr'><strong><em>πεντέμηνσν</em></strong></span> <span class='ocrx_word' id='word_1_328' title='bbox 1064 4623 1110 4672; x_wconf 72' lang='grc' dir='ltr'><strong><em>καὶ</em></strong></span> <span class='ocrx_word' id='word_1_329' title='bbox 1128 4623 1240 4674; x_wconf 78' lang='grc' dir='ltr'><strong><em>πάντα</em></strong></span> <span class='ocrx_word' id='word_1_330' title='bbox 1263 4626 1304 4674; x_wconf 87' lang='grc' dir='ltr'>τὰ</span> <span class='ocrx_word' id='word_1_331' title='bbox 1322 4626 1421 4688; x_wconf 72' lang='grc' dir='ltr'><strong><em>ὅμοια</em></strong></span> <span class='ocrx_word' id='word_1_332' title='bbox 1442 4624 1509 4674; x_wconf 80' lang='lat' dir='ltr'>oiicor</span> <span class='ocrx_word' id='word_1_333' title='bbox 1528 4625 1574 4674; x_wconf 76' lang='lat' dir='ltr'>li-</span> 
     </span>
     <span class='ocr_line' id='line_1_39' title="bbox 397 4708 749 4774; baseline -0.003 -17"><span class='ocrx_word' id='word_1_334' title='bbox 397 4722 473 4774; x_wconf 62' lang='lat' dir='ltr'>qaum</span> <span class='ocrx_word' id='word_1_335' title='bbox 492 4708 538 4757; x_wconf 77' lang='grc' dir='ltr'>διὰ</span> <span class='ocrx_word' id='word_1_336' title='bbox 555 4708 604 4756; x_wconf 81' lang='grc' dir='ltr'>τοῦ</span> <span class='ocrx_word' id='word_1_337' title='bbox 626 4726 647 4757; x_wconf 80' lang='grc' dir='ltr'>κ.</span> <span class='ocrx_word' id='word_1_338' title='bbox 746 4726 749 4733; x_wconf 81' lang='grc'><strong>’</strong></span> 
     </span>
    </p>
   </div>
   <div class='ocr_carea' id='block_1_5' title="bbox 0 0 1888 5717">
    <p class='ocr_par' dir='ltr' id='par_1_5' title="bbox 0 0 1888 5717">
     <span class='ocr_line' id='line_1_40' title="bbox 0 0 1888 5717; baseline 0 4"><span class='ocrx_word' id='word_1_339' title='bbox 0 0 1888 5717; x_wconf 95' lang='lat' dir='ltr'> </span> 
     </span>
    </p>
   </div>
  </div>
 </body>
</html>
