3767 5717
958 580 1023 643 252

402 802 569 858 normam,
593 798 656 866 qua
677 774 800 840 Atticos
819 774 853 838 in
876 772 1014 838 dicendo
1033 793 1106 837 usos
1126 794 1194 837 esse
1214 782 1247 836 et
1266 772 1415 864 analogia
1434 789 1467 842 et
1486 778 1583 845 multi

399 889 576 955 multorum
601 880 865 970 loci-incorrupti
886 878 1119 945 demonstrant.
1166 880 1259 964 811.
1282 880 1472 961 ε’πιτρέψωοι
1501 885 1581 948 διοι-

398 999 478 1068 raia,
504 988 607 1058 scribe
629 988 770 1067 θίοιιτοιν,
794 996 869 1049 nota
886 984 986 1049 dictio
1002 996 1050 1050 est
1070 984 1245 1065 ἐπιτρέπειν
1263 984 1387 1049 θίοοιτοον
1406 998 1439 1051 et
1458 986 1490 1051 in
1508 988 1580 1055 iure

402 1099 511 1165 Attico
534 1092 683 1160 solemnis
701 1103 733 1156 ct
750 1103 907 1156 constans.
933 1091 1131 1156 Luculentns
1147 1100 1195 1155 cst
1213 1089 1304 1154 locus
1320 1089 1578 1178 Lysiasxxxll.

403 1210 433 1269 2.
457 1204 492 1268 τὸ
524 1202 581 1281 μὲν
612 1203 728 1281 πρῶτον
755 1195 867 1262 έπεισοι
897 1197 1009 1268 atrata
1038 1205 1103 1268 τοῖς
1129 1194 1235 1277 Φίλοις
1262 1196 1429 1277 ἐπιτρέψαι
1456 1197 1579 1263 θίοοιτοιν

404 1308 472 1389 περί
497 1310 615 1374 πολλοῦ
635 1303 813 1381 ποιούμενος
837 1302 879 1368 rai
902 1306 1016 1368 τούτων
1047 1300 1230 1382 προέγμοιτοο
1254 1301 1374 1378 μηδένοι
1396 1307 1456 1381 τῶν
1473 1300 1581 1366 ἄλλων

403 1413 532 1491 είδένοοι,
557 1422 589 1476 et
611 1404 792 1498 saepissime
811 1408 856 1473 sic
879 1406 964 1498 apud
985 1404 1133 1472 Oratores
1153 1403 1278 1492 legitur.
1308 1402 1398 1468 ldem
1418 1404 1515 1494 plano
1534 1397 1583 1470 ri·

404 1519 486 1584 tium
505 1516 539 1582 in
558 1515 723 1582 tsocnsrc
745 1524 877 1604 apparet
897 1513 973 1587 adv.
1000 1508 1240 1576 Callimachum
1259 1510 1278 1593 §
1300 1512 1352 1574 13.
1376 1512 1429 1574 οὐκ
1445 1508 1484 1573 ἄν
1503 1533 1581 1575 ποτε

403 1612 558 1703 ἐπέτρεψε
583 1616 762 1700 Νικομοίχῳ
786 1620 910 1683 διοιιτοῖν
934 1617 984 1683 vel
1007 1619 1147 1700 διοιιτρῖν,
1174 1612 1304 1679 ennias
1327 1614 1449 1680 δίοιιτοιν
1471 1635 1581 1680 corre·

404 1730 457 1796 rit.
507 1722 603 1815 Apud
633 1721 759 1787 Issuuu
783 1722 817 1787 V.
838 1725 856 1806 8
876 1728 930 1789 31.
963 1722 1063 1800 ἠξίουν
1092 1721 1217 1785 δίοιτοιν
1250 1721 1335 1797 ἡμᾶς
1368 1719 1579 1800 ἐπιτροπεύειν

406 1833 518 1899 eadem
543 1851 638 1922 opera
663 1826 797 1893 emenda
822 1827 1009 1909 έπιτρέπειν.

451 1940 489 2005 ln
509 1934 700 2005 Phalaride
712 1939 835 2024 priore
857 1937 919 2012 30‚·
937 1939 969 1999 5.
999 1933 1031 1998 τί
1056 1933 1105 1997 δεῖ
1126 1938 1240 2008 ποιεῑν;
1263 1930 1333 2020 lege
1351 1929 1383 1994 τί
1401 1928 1471 1995 ἔδει.
1508 1931 1526 2014 8
1547 1932 1580 1997 6.

404 2046 476 2111 οίπὸ
501 2050 557 2117 τῆς
576 2040 693 2121 πέτρος
714 2037 893 2120 ῥιπτόμενον
915 2038 1039 2128 corrige
1055 2035 1153 2103 κοιτοί.
1189 2038 1207 2121 8
1230 2042 1260 2103 8.
1283 2039 1321 2110 cia
1338 2041 1396 2101 τῶν
1416 2059 1455 2113 γε
1471 2032 1580 2100 ἄλλων

404 2150 487 2216 οὐδέν
513 2147 628 2229 ὄφελος
658 2145 772 2233 supple
799 2146 882 2210 οὐδὲν
906 2145 936 2209 ὃν
960 2145 1085 2225 ὄφελος.
1122 2145 1214 2228 811.
1237 2140 1442 2212 ἀποτελέσει,
1467 2139 1582 2207 melius

404 2257 559 2319 οίποπελεί
585 2250 719 2339 scripsit.
765 2248 803 2314 ln
828 2251 937 2315 altero
959 2248 1151 2315 Phalaride
1172 2251 1236 2320 31,
1262 2249 1313 2311 10.
1338 2245 1409 2335 lege
1434 2245 1517 2327 ίιρις’
1540 2246 1581 2315 aiu

345 2402 346 2405 =
403 2354 637 2438 βονλεθσοοοθοοι
654 2377 714 2444 pro
734 2352 828 2436 ίιριςοι
846 2356 1069 2433 βουλεύεσθαι,
1088 2353 1163 2443 quia
1182 2351 1328 2441 sequitur
1341 2354 1367 2416 εί
1385 2351 1580 2430 λογίσαισθε.

405 2463 433 2529 si
452 2482 565 2527 sanum
586 2457 749 2526 ridebitur
767 2458 861 2541 οίριςοι
883 2460 1129 2538 βουλεύσεσθαι,
1149 2458 1238 2547 qnod
1257 2459 1289 2523 in
1306 2458 1448 2538 aliisest‚
1459 2472 1581 2546 prono-

406 2567 553 2647 γίνοιισθε
587 2560 703 2650 (codd.
733 2563 867 2629 barbare
892 2562 1071 2652 λογίσεσθε)
1104 2563 1310 2628 scribendum
1330 2565 1391 2628 crit
1411 2563 1581 2641 λογιεῖσθε.

453 2671 492 2736 In
511 2670 710 2737 Alexandro
731 2674 790 2747 32,
815 2674 841 2735 1.
864 2676 918 2733 τοῦ
935 2671 1201 2750 Ἀβωνοτειχίτου
1219 2675 1273 2735 τοῦ
1287 2669 1398 2749 γίητος
1411 2668 1582 2736 delealte·

408 2800 478 2845 rum
501 2775 682 2841 articulum.
700 2778 761 2861 82.
777 2776 921 2857 έλρίςενεν
937 2776 970 2839 οὐ
985 2772 1109 2839 Malao
1125 2774 1219 2869 μένην
1234 2776 1302 2841 οὐδὲ
1317 2776 1372 2850 την
1382 2776 1467 2852 Ἴδην
1480 2798 1579 2841 κοιτοι-

404 2884 526 2964 τρέχων
547 2882 618 2971 lege
639 2882 778 2946 Βιθυνίοον
799 2901 859 2969 pro
880 2880 1022 2945 Μινθοονο
1043 2880 1082 2944 ad
1100 2880 1300 2946 Tilloborum
1316 2880 1396 2947 haec
1417 2894 1580 2973 spectant,

410 2988 500 3052 cuius
520 2987 618 3051 vitam
641 2985 815 3049 laurinus
834 2995 1004 3073 propterea
1022 2986 1244 3077 conscripsisse
1266 2986 1407 3065 ridetur,
1428 2989 1581 3077 quoniam

411 3092 609 3182 provinciam
642 3112 746 3167 suam,
775 3088 973 3178 Bithyniam,
1002 3103 1185 3181 voraverat3
1216 3094 1299 3159 niele
1328 3094 1425 3183 igitur
1452 3094 1581 3160 Μνσίοιν
1691 3084 1695 3095 ’

410 3198 550 3263 coniecit
581 3197 790 3273 Ρλιιιελιυε,
820 3196 908 3286 quod
939 3197 1120 3264 Beruenses
1147 3199 1279 3289 recepit.
1309 3204 1583 3289 §3qnantocyus

406 3324 523 3373 revoca
544 3301 710 3380 οὐδοιμέθεν
733 3305 880 3380 μεμπτὸς
905 3298 939 3377 ἦν
959 3303 1067 3369 τοιῦτοί
1092 3327 1132 3382 γε
1155 3327 1214 3394 pro
1233 3304 1395 3384 μωμητός.
1431 3308 1449 3391 8
1472 3311 1502 3372 l.
1525 3308 1579 3375 uoci

409 3410 454 3491 μη
479 3405 705 3487 συγγενέσθοιι,
729 3406 842 3497 supple
860 3409 914 3473 aul
937 3409 983 3487 μέν
1004 3411 1090 3486 ἡμῖν.
1126 3412 1144 3495 8
1166 3413 1198 3476 6.
1223 3411 1322 3475 cauli
1343 3414 1580 3485 carrilocensi

408 3513 567 3593 θλιγίςουο
591 3512 750 3593 οίκιίτοροις
778 3513 903 3594 ἔχοντος
935 3512 1059 3603 corrige
1087 3522 1237 3581 τοιπεινοῦ
1267 3527 1300 3581 ct
1323 3539 1436 3583 revoca
1457 3520 1582 3598 θλίγους

319 3618 322 3626 '
406 3619 477 3691 τοὺς
500 3617 670 3696 οίκιίτοροις.
715 3620 784 3705 89.
807 3620 862 3694 την
887 3620 1085 3695 Χοιλκηδίνοι.
1106 3621 1310 3710 egociribns
1329 3624 1416 3689 malo
1436 3623 1585 3705 credere,

407 3724 467 3813 qui
487 3744 556 3787 cam
575 3720 610 3784 in
631 3723 770 3811 nummis
791 3724 985 3804 Κοιλχηδίνοο
1004 3726 1179 3815 appellant.
1210 3731 1297 3815 812.
1319 3729 1464 3808 ε’πβοιλὼν
1481 3732 1511 3802 ἐς
1529 3734 1584 3808 την

407 3827 564 3908 ποιτρίδοι,
601 3826 703 3891 scribe
735 3829 905 3907 ἐμβαλών,
941 3831 1213 3918 quemadmodum
1244 3832 1424 3912 ε’μβοίλλειν
1456 3837 1499 3907 είς
1528 3838 1583 3911 την

362 3983 367 3991 .
406 3931 528 4013 οίγοροίν
550 3931 730 4020 saepissime
751 3933 877 3999 dicitnr.
919 3937 1011 4020 819.
1034 3936 1249 4015 μαντεύσεται
1269 3937 1284 3999 ὁ
1308 3937 1372 4008 θεὸς
1395 3939 1487 4019 ρἠτην
1512 3962 1584 4005 τινοι

408 4037 525 4119 ἡμέριον
554 4036 666 4125 supple
690 4039 721 4110 ἐς
744 4040 835 4119 ῥηπίν
857 4063 945 4119 τινοι,
972 4053 1008 4105 ut
1028 4040 1146 4106 dicitur
1165 4040 1229 4118 ἥξει
1252 4043 1295 4113 είς
1315 4041 1431 4122 τρίτην.
1478 4042 1586 4109 Xeno·

409 4160 499 4207 Puer
517 4142 551 4206 in
571 4143 699 4209 Hellen.
719 4142 777 4209 Ill.
799 4162 829 4208 v.
851 4148 882 4208 6.
907 4145 1080 4210 συνετίθετο
1105 4145 1295 4227 ποιρέσεσθοοι
1322 4145 1365 4215 είς
1389 4146 1480 4226 ρἠτην
1505 4146 1586 4226 ἦμέ-

408 4272 476 4330 pao.
521 4252 610 4337 819.
640 4250 786 4315 κωλέσειν
810 4248 941 4331 ἔμελλε,
975 4251 1092 4315 melius
1119 4260 1241 4317 κηλεῖν.
1286 4252 1377 4334 821.
1409 4251 1444 4316 ἐκ
1470 4251 1585 4328 πίττης
1664 4291 1669 4301 ·

410 4354 575 4436 Βρνττίοις.
597 4353 753 4421 Graccum
774 4365 821 4421 est
840 4355 1002 4435 Βρεττίοις.
1029 4359 1117 4442 822.
1141 4358 1176 4421 ἐκ
1193 4357 1303 4429 λίπους
1323 4355 1459 4440 οοίγείον,
1478 4356 1587 4423 nescio

411 4480 468 4525 cur
488 4458 662 4525 abiecerint
682 4461 815 4541 οὶρκείου.
851 4465 869 4548 8
890 4464 943 4525 25.
966 4462 1025 4527 τίνι
1048 4464 1111 4544 γὰρ
1134 4462 1224 4544 οίλλιρ
1246 4460 1362 4552 supple
1383 4460 1442 4526 τίνι
1460 4462 1524 4543 γὰρ
1545 4460 1586 4526 ἂν

409 4562 510 4644 οίλλῳ.
550 4566 642 4649 832.
665 4569 745 4630 λείων
772 4564 834 4646 γὰρ
858 4565 902 4631 τοὶ
925 4568 1120 4648 πεπεμμένον
1142 4568 1272 4647 βιβλίον.
1299 4566 1450 4633 Graeculi
1467 4567 1589 4634 miran-

412 4680 466 4733 tur
491 4668 628 4737 formam
658 4669 849 4750 πεπεμμένον
878 4694 936 4761 pro
966 4672 1181 4752 οίπεςοιλμένοι
1209 4682 1241 4738 et
1263 4672 1417 4739 vellicant
1439 4685 1473 4740 et
1492 4674 1593 4741 reliu-
1699 4664 1705 4671 ⁶
