<?xml version="1.0" encoding="UTF-8"?>
<!DOCTYPE html PUBLIC "-//W3C//DTD XHTML 1.0 Transitional//EN"
    "http://www.w3.org/TR/xhtml1/DTD/xhtml1-transitional.dtd">
<html xmlns="http://www.w3.org/1999/xhtml" xml:lang="en" lang="en">
 <head>
  <title>
</title>
<meta http-equiv="Content-Type" content="text/html;charset=utf-8" />
  <meta name='ocr-system' content='tesseract 3.04.00' />
  <meta name='ocr-capabilities' content='ocr_page ocr_carea ocr_par ocr_line ocrx_word'/>
</head>
<body>
  <div class='ocr_page' id='page_1' title='image "./variaelectiones02cobegoog_0190.png"; bbox 0 0 3767 5717; ppageno 0'>
   <div class='ocr_carea' id='block_1_1' title="bbox 964 566 1028 651">
    <p class='ocr_par' dir='ltr' id='par_1_1' title="bbox 964 566 1028 651">
     <span class='ocr_line' id='line_1_1' title="bbox 964 566 1028 651; baseline 0.094 -6"><span class='ocrx_word' id='word_1_1' title='bbox 964 566 1028 651; x_wconf 79' lang='lat' dir='ltr'>tac</span> 
     </span>
    </p>
   </div>
   <div class='ocr_carea' id='block_1_2' title="bbox 346 773 1686 3607">
    <p class='ocr_par' dir='ltr' id='par_1_2' title="bbox 346 773 1686 3607">
     <span class='ocr_line' id='line_1_2' title="bbox 413 773 1582 870; baseline 0.004 -29"><span class='ocrx_word' id='word_1_2' title='bbox 413 798 575 867; x_wconf 86' lang='lat' dir='ltr'>apparere.</span> <span class='ocrx_word' id='word_1_3' title='bbox 623 773 726 865; x_wconf 81' lang='lat' dir='ltr'>Ipsius</span> <span class='ocrx_word' id='word_1_4' title='bbox 756 774 852 841; x_wconf 85' lang='lat' dir='ltr'>verba</span> <span class='ocrx_word' id='word_1_5' title='bbox 882 774 1048 842; x_wconf 88' lang='lat' dir='ltr'>subiiciam</span> <span class='ocrx_word' id='word_1_6' title='bbox 1070 787 1092 843; x_wconf 86' lang='lat'>¹.</span> <span class='ocrx_word' id='word_1_7' title='bbox 1139 778 1251 845; x_wconf 86' lang='lat' dir='ltr'>Dicam</span> <span class='ocrx_word' id='word_1_8' title='bbox 1276 780 1355 870; x_wconf 84' lang='lat' dir='ltr'>quid</span> <span class='ocrx_word' id='word_1_9' title='bbox 1379 782 1425 847; x_wconf 86' lang='lat' dir='ltr'>rei</span> <span class='ocrx_word' id='word_1_10' title='bbox 1445 782 1494 847; x_wconf 88' lang='lat' dir='ltr'>sit.</span> <span class='ocrx_word' id='word_1_11' title='bbox 1541 780 1582 846; x_wconf 89' lang='lat' dir='ltr'>In</span> 
     </span>
     <span class='ocr_line' id='line_1_3' title="bbox 416 881 1585 973; baseline 0.003 -23"><span class='ocrx_word' id='word_1_12' title='bbox 416 883 534 950; x_wconf 85' lang='lat' dir='ltr'>Codice</span> <span class='ocrx_word' id='word_1_13' title='bbox 563 881 745 948; x_wconf 81' lang='lat' dir='ltr'>luculenter</span> <span class='ocrx_word' id='word_1_14' title='bbox 773 894 905 973; x_wconf 91' lang='lat' dir='ltr'>apparet</span> <span class='ocrx_word' id='word_1_15' title='bbox 932 908 949 949; x_wconf 87' lang='lat' dir='ltr'>a</span> <span class='ocrx_word' id='word_1_16' title='bbox 969 885 1072 973; x_wconf 89' lang='lat' dir='ltr'>prima</span> <span class='ocrx_word' id='word_1_17' title='bbox 1092 908 1190 951; x_wconf 90' lang='lat' dir='ltr'>manu</span> <span class='ocrx_word' id='word_1_18' title='bbox 1209 886 1277 953; x_wconf 89' lang='lat' dir='ltr'>sine</span> <span class='ocrx_word' id='word_1_19' title='bbox 1298 887 1364 954; x_wconf 90' lang='lat' dir='ltr'>ulla</span> <span class='ocrx_word' id='word_1_20' title='bbox 1385 888 1585 954; x_wconf 80' lang='lat' dir='ltr'>correctione</span> 
     </span>
     <span class='ocr_line' id='line_1_4' title="bbox 414 988 1584 1079; baseline 0 -23"><span class='ocrx_word' id='word_1_21' title='bbox 414 990 465 1057; x_wconf 81' lang='lat' dir='ltr'>rel</span> <span class='ocrx_word' id='word_1_22' title='bbox 495 988 739 1078; x_wconf 76' lang='lat' dir='ltr'>interpolatione</span> <span class='ocrx_word' id='word_1_23' title='bbox 768 989 923 1079; x_wconf 88' lang='lat' dir='ltr'>scriptum</span> <span class='ocrx_word' id='word_1_24' title='bbox 953 1012 1033 1055; x_wconf 83' lang='lat' dir='ltr'>esse:</span> <span class='ocrx_word' id='word_1_25' title='bbox 1066 991 1147 1070; x_wconf 79' lang='grc' dir='ltr'><em>νέμω</em></span> <span class='ocrx_word' id='word_1_26' title='bbox 1171 994 1202 1059; x_wconf 76' lang='grc' dir='ltr'>δὲ</span> <span class='ocrx_word' id='word_1_27' title='bbox 1228 991 1371 1072; x_wconf 67' lang='grc' dir='ltr'><em>τράγους·</em></span> <span class='ocrx_word' id='word_1_28' title='bbox 1389 1000 1448 1059; x_wconf 79' lang='grc' dir='ltr'>τῶν</span> <span class='ocrx_word' id='word_1_29' title='bbox 1472 994 1584 1057; x_wconf 76' lang='grc' dir='ltr'><em>τούτου</em></span> 
     </span>
     <span class='ocr_line' id='line_1_5' title="bbox 389 1093 1585 1182; baseline 0.005 -25"><span class='ocrx_word' id='word_1_30' title='bbox 389 1095 493 1173; x_wconf 76' lang='grc' dir='ltr'><em>,βοῶν</em></span> <span class='ocrx_word' id='word_1_31' title='bbox 511 1096 665 1176; x_wconf 78' lang='grc' dir='ltr'><em>μείζονος.</em></span> <span class='ocrx_word' id='word_1_32' title='bbox 699 1093 756 1173; x_wconf 78' lang='grc' dir='ltr'>ἔξω</span> <span class='ocrx_word' id='word_1_33' title='bbox 779 1094 810 1158; x_wconf 79' lang='grc' dir='ltr'>δέ</span> <span class='ocrx_word' id='word_1_34' title='bbox 835 1100 851 1182; x_wconf 86' lang='grc' dir='ltr'>ΙΙ</span> <span class='ocrx_word' id='word_1_35' title='bbox 872 1096 956 1160; x_wconf 74' lang='grc' dir='ltr'><em>οὐδὲν</em></span> <span class='ocrx_word' id='word_1_36' title='bbox 978 1097 1036 1161; x_wconf 71' lang='grc' dir='ltr'>ἀπ’</span> <span class='ocrx_word' id='word_1_37' title='bbox 1061 1098 1173 1163; x_wconf 72' lang='grc' dir='ltr'><em>αὐτῶν.</em></span> <span class='ocrx_word' id='word_1_38' title='bbox 1207 1098 1242 1164; x_wconf 87' lang='lat' dir='ltr'>in</span> <span class='ocrx_word' id='word_1_39' title='bbox 1272 1097 1331 1165; x_wconf 78' lang='grc' dir='ltr'>τ’ῶν</span> <span class='ocrx_word' id='word_1_40' title='bbox 1360 1100 1585 1171; x_wconf 81' lang='lat' dir='ltr'>circumflexus</span> 
     </span>
     <span class='ocr_line' id='line_1_6' title="bbox 417 1198 1586 1294; baseline 0.004 -31"><span class='ocrx_word' id='word_1_41' title='bbox 417 1220 488 1263; x_wconf 92' lang='lat' dir='ltr'>cum</span> <span class='ocrx_word' id='word_1_42' title='bbox 510 1198 611 1263; x_wconf 79' lang='lat' dir='ltr'>vocali</span> <span class='ocrx_word' id='word_1_43' title='bbox 632 1220 696 1263; x_wconf 92' lang='lat' dir='ltr'>uno</span> <span class='ocrx_word' id='word_1_44' title='bbox 717 1198 817 1263; x_wconf 91' lang='lat' dir='ltr'>ductu</span> <span class='ocrx_word' id='word_1_45' title='bbox 838 1199 1053 1277; x_wconf 88' lang='lat' dir='ltr'>continuatur,</span> <span class='ocrx_word' id='word_1_46' title='bbox 1072 1199 1105 1265; x_wconf 91' lang='lat' dir='ltr'>in</span> <span class='ocrx_word' id='word_1_47' title='bbox 1124 1202 1234 1267; x_wconf 75' lang='grc' dir='ltr'><em>τούτου</em></span> <span class='ocrx_word' id='word_1_48' title='bbox 1251 1204 1388 1269; x_wconf 90' lang='lat' dir='ltr'>secunda</span> <span class='ocrx_word' id='word_1_49' title='bbox 1404 1203 1586 1294; x_wconf 81' lang='lat' dir='ltr'>diphthon-</span> 
     </span>
     <span class='ocr_line' id='line_1_7' title="bbox 417 1303 1586 1401; baseline 0.005 -34"><span class='ocrx_word' id='word_1_50' title='bbox 417 1326 474 1393; x_wconf 78' lang='lat' dir='ltr'>gus</span> <span class='ocrx_word' id='word_1_51' title='bbox 493 1316 567 1367; x_wconf 90' lang='lat' dir='ltr'>nota</span> <span class='ocrx_word' id='word_1_52' title='bbox 585 1304 687 1369; x_wconf 85' lang='lat' dir='ltr'>forma</span> <span class='ocrx_word' id='word_1_53' title='bbox 707 1303 844 1393; x_wconf 83' lang='lat' dir='ltr'>implexa</span> <span class='ocrx_word' id='word_1_54' title='bbox 868 1305 1072 1393; x_wconf 83' lang='lat' dir='ltr'>praecedenti</span> <span class='ocrx_word' id='word_1_55' title='bbox 1094 1305 1219 1372; x_wconf 81' lang='lat' dir='ltr'>litterae</span> <span class='ocrx_word' id='word_1_56' title='bbox 1238 1310 1449 1401; x_wconf 87' lang='lat' dir='ltr'>suprascripta</span> <span class='ocrx_word' id='word_1_57' title='bbox 1467 1321 1533 1388; x_wconf 89' lang='lat' dir='ltr'>est,</span> <span class='ocrx_word' id='word_1_58' title='bbox 1551 1309 1586 1373; x_wconf 91' lang='lat' dir='ltr'>in</span> 
     </span>
     <span class='ocr_line' id='line_1_8' title="bbox 416 1408 1587 1500; baseline 0.004 -26"><span class='ocrx_word' id='word_1_59' title='bbox 416 1409 559 1491; x_wconf 78' lang='grc' dir='ltr'><em>μείζονος</em></span> <span class='ocrx_word' id='word_1_60' title='bbox 592 1408 717 1499; x_wconf 90' lang='lat' dir='ltr'>liquido</span> <span class='ocrx_word' id='word_1_61' title='bbox 745 1416 875 1500; x_wconf 87' lang='lat' dir='ltr'>apparet</span> <span class='ocrx_word' id='word_1_62' title='bbox 902 1411 957 1488; x_wconf 77' lang='grc' dir='ltr'>μοι’</span> <span class='ocrx_word' id='word_1_63' title='bbox 984 1411 1107 1500; x_wconf 89' lang='lat' dir='ltr'>reliqua</span> <span class='ocrx_word' id='word_1_64' title='bbox 1138 1412 1190 1477; x_wconf 84' lang='lat' dir='ltr'>rix</span> <span class='ocrx_word' id='word_1_65' title='bbox 1217 1427 1406 1490; x_wconf 90' lang='lat' dir='ltr'>cernuntur,</span> <span class='ocrx_word' id='word_1_66' title='bbox 1439 1414 1493 1480; x_wconf 91' lang='lat' dir='ltr'>sed</span> <span class='ocrx_word' id='word_1_67' title='bbox 1520 1437 1587 1480; x_wconf 89' lang='lat' dir='ltr'>non</span> 
     </span>
     <span class='ocr_line' id='line_1_9' title="bbox 416 1513 1588 1607; baseline 0.002 -28"><span class='ocrx_word' id='word_1_68' title='bbox 416 1525 464 1579; x_wconf 87' lang='lat' dir='ltr'>est</span> <span class='ocrx_word' id='word_1_69' title='bbox 486 1513 525 1579; x_wconf 91' lang='lat' dir='ltr'>de</span> <span class='ocrx_word' id='word_1_70' title='bbox 547 1536 585 1579; x_wconf 90' lang='lat' dir='ltr'>eo</span> <span class='ocrx_word' id='word_1_71' title='bbox 607 1513 765 1597; x_wconf 68' lang='lat' dir='ltr'>uocabulo</span> <span class='ocrx_word' id='word_1_72' title='bbox 784 1514 1012 1595; x_wconf 82' lang='lat' dir='ltr'>controversia,</span> <span class='ocrx_word' id='word_1_73' title='bbox 1029 1527 1097 1580; x_wconf 90' lang='lat' dir='ltr'>tum</span> <span class='ocrx_word' id='word_1_74' title='bbox 1116 1515 1173 1592; x_wconf 73' lang='grc' dir='ltr'>ἔξω</span> <span class='ocrx_word' id='word_1_75' title='bbox 1191 1517 1281 1581; x_wconf 91' lang='lat' dir='ltr'>nullo</span> <span class='ocrx_word' id='word_1_76' title='bbox 1301 1518 1430 1607; x_wconf 85' lang='lat' dir='ltr'>negotio</span> <span class='ocrx_word' id='word_1_77' title='bbox 1448 1518 1588 1585; x_wconf 86' lang='lat' dir='ltr'>discerni</span> 
     </span>
     <span class='ocr_line' id='line_1_10' title="bbox 414 1619 1586 1710; baseline 0.003 -27"><span class='ocrx_word' id='word_1_78' title='bbox 414 1630 520 1709; x_wconf 86' lang='lat' dir='ltr'>potest</span> <span class='ocrx_word' id='word_1_79' title='bbox 542 1630 574 1683; x_wconf 88' lang='lat' dir='ltr'>et</span> <span class='ocrx_word' id='word_1_80' title='bbox 595 1620 627 1683; x_wconf 77' lang='grc' dir='ltr'>δέ</span> <span class='ocrx_word' id='word_1_81' title='bbox 647 1620 680 1685; x_wconf 94' lang='lat' dir='ltr'>in</span> <span class='ocrx_word' id='word_1_82' title='bbox 702 1631 842 1685; x_wconf 81' lang='lat' dir='ltr'>extremo</span> <span class='ocrx_word' id='word_1_83' title='bbox 863 1642 965 1687; x_wconf 82' lang='lat' dir='ltr'>versu.</span> <span class='ocrx_word' id='word_1_84' title='bbox 1005 1619 1266 1710; x_wconf 86' lang='lat' dir='ltr'>lnterpolationis</span> <span class='ocrx_word' id='word_1_85' title='bbox 1283 1646 1348 1689; x_wconf 91' lang='lat' dir='ltr'>non</span> <span class='ocrx_word' id='word_1_86' title='bbox 1368 1636 1415 1689; x_wconf 89' lang='lat' dir='ltr'>est</span> <span class='ocrx_word' id='word_1_87' title='bbox 1434 1625 1506 1690; x_wconf 85' lang='lat' dir='ltr'>rola</span> <span class='ocrx_word' id='word_1_88' title='bbox 1525 1644 1586 1689; x_wconf 89' lang='lat' dir='ltr'>nee</span> 
     </span>
     <span class='ocr_line' id='line_1_11' title="bbox 416 1724 1587 1819; baseline 0 -28"><span class='ocrx_word' id='word_1_89' title='bbox 416 1725 594 1813; x_wconf 81' lang='lat' dir='ltr'>vestigium.</span> <span class='ocrx_word' id='word_1_90' title='bbox 645 1724 750 1807; x_wconf 81' lang='lat' dir='ltr'>Quum</span> <span class='ocrx_word' id='word_1_91' title='bbox 782 1724 861 1789; x_wconf 89' lang='lat' dir='ltr'>haec</span> <span class='ocrx_word' id='word_1_92' title='bbox 888 1734 1103 1816; x_wconf 81' lang='lat' dir='ltr'>perscrutarer</span> <span class='ocrx_word' id='word_1_93' title='bbox 1131 1726 1310 1795; x_wconf 80' lang='lat' dir='ltr'>connum</span> <span class='ocrx_word' id='word_1_94' title='bbox 1336 1730 1497 1819; x_wconf 74' lang='lat' dir='ltr'>Epistola</span> <span class='ocrx_word' id='word_1_95' title='bbox 1518 1739 1587 1793; x_wconf 90' lang='lat' dir='ltr'>erat</span> 
     </span>
     <span class='ocr_line' id='line_1_12' title="bbox 418 1831 1591 1921; baseline 0.002 -24"><span class='ocrx_word' id='word_1_96' title='bbox 418 1832 458 1897; x_wconf 88' lang='lat' dir='ltr'>ad</span> <span class='ocrx_word' id='word_1_97' title='bbox 487 1853 638 1909; x_wconf 86' lang='lat' dir='ltr'>manum,</span> <span class='ocrx_word' id='word_1_98' title='bbox 672 1853 806 1920; x_wconf 89' lang='lat' dir='ltr'>eamque</span> <span class='ocrx_word' id='word_1_99' title='bbox 837 1831 876 1895; x_wconf 89' lang='lat' dir='ltr'>ad</span> <span class='ocrx_word' id='word_1_100' title='bbox 905 1832 1027 1921; x_wconf 78' lang='lat' dir='ltr'>singula</span> <span class='ocrx_word' id='word_1_101' title='bbox 1056 1832 1229 1921; x_wconf 79' lang='lat' dir='ltr'>erigebam.</span> <span class='ocrx_word' id='word_1_102' title='bbox 1282 1835 1380 1901; x_wconf 88' lang='lat' dir='ltr'>Lecta</span> <span class='ocrx_word' id='word_1_103' title='bbox 1412 1833 1591 1901; x_wconf 80' lang='lat' dir='ltr'>Gounrunll</span> 
     </span>
     <span class='ocr_line' id='line_1_13' title="bbox 418 1935 1590 2033; baseline 0.001 -32"><span class='ocrx_word' id='word_1_104' title='bbox 418 1936 639 2002; x_wconf 84' lang='lat' dir='ltr'>criminatione</span> <span class='ocrx_word' id='word_1_105' title='bbox 667 1935 773 2001; x_wconf 90' lang='lat' dir='ltr'>locum</span> <span class='ocrx_word' id='word_1_106' title='bbox 796 1936 836 2002; x_wconf 92' lang='lat' dir='ltr'>de</span> <span class='ocrx_word' id='word_1_107' title='bbox 858 1960 942 2005; x_wconf 80' lang='lat' dir='ltr'>novo</span> <span class='ocrx_word' id='word_1_108' title='bbox 964 1939 1175 2006; x_wconf 85' lang='lat' dir='ltr'>intentissima</span> <span class='ocrx_word' id='word_1_109' title='bbox 1197 1962 1273 2006; x_wconf 87' lang='lat' dir='ltr'>cura</span> <span class='ocrx_word' id='word_1_110' title='bbox 1292 1942 1399 2033; x_wconf 71' lang='lat' dir='ltr'>relego</span> <span class='ocrx_word' id='word_1_111' title='bbox 1418 1940 1590 2027; x_wconf 79' lang='lat' dir='ltr'>investigo·</span> 
     </span>
     <span class='ocr_line' id='line_1_14' title="bbox 418 2042 1589 2136; baseline 0 -27"><span class='ocrx_word' id='word_1_112' title='bbox 418 2066 481 2133; x_wconf 90' lang='lat' dir='ltr'>que</span> <span class='ocrx_word' id='word_1_113' title='bbox 510 2042 636 2133; x_wconf 87' lang='lat' dir='ltr'>ecquod</span> <span class='ocrx_word' id='word_1_114' title='bbox 666 2056 746 2108; x_wconf 88' lang='lat' dir='ltr'>esset</span> <span class='ocrx_word' id='word_1_115' title='bbox 772 2042 866 2109; x_wconf 90' lang='lat' dir='ltr'>huius</span> <span class='ocrx_word' id='word_1_116' title='bbox 894 2044 1032 2123; x_wconf 88' lang='lat' dir='ltr'>fraudis,</span> <span class='ocrx_word' id='word_1_117' title='bbox 1060 2068 1158 2134; x_wconf 88' lang='lat' dir='ltr'>quam</span> <span class='ocrx_word' id='word_1_118' title='bbox 1185 2048 1342 2136; x_wconf 80' lang='lat' dir='ltr'>arguerit,</span> <span class='ocrx_word' id='word_1_119' title='bbox 1370 2048 1422 2114; x_wconf 84' lang='lat' dir='ltr'>rel</span> <span class='ocrx_word' id='word_1_120' title='bbox 1442 2042 1589 2110; x_wconf 87' lang='lat' dir='ltr'>tenuissi-</span> 
     </span>
     <span class='ocr_line' id='line_1_15' title="bbox 346 2147 1591 2247; baseline -0.001 -33"><span class='ocrx_word' id='word_1_121' title='bbox 346 2240 352 2247; x_wconf 23' lang='grc' dir='ltr'><strong><em>ν</em></strong></span> <span class='ocrx_word' id='word_1_122' title='bbox 417 2172 508 2214; x_wconf 89' lang='lat' dir='ltr'>mum</span> <span class='ocrx_word' id='word_1_123' title='bbox 538 2148 703 2216; x_wconf 88' lang='lat' dir='ltr'>indicium.</span> <span class='ocrx_word' id='word_1_124' title='bbox 763 2147 854 2232; x_wconf 81' lang='lat' dir='ltr'>Quod</span> <span class='ocrx_word' id='word_1_125' title='bbox 886 2160 965 2215; x_wconf 89' lang='lat' dir='ltr'>tunc</span> <span class='ocrx_word' id='word_1_126' title='bbox 993 2151 1039 2219; x_wconf 73' lang='lat' dir='ltr'>in,</span> <span class='ocrx_word' id='word_1_127' title='bbox 1058 2149 1301 2218; x_wconf 82' lang='lat' dir='ltr'>Commentariis</span> <span class='ocrx_word' id='word_1_128' title='bbox 1333 2148 1591 2242; x_wconf 80' lang='lat' dir='ltr'>indignabundus</span> 
     </span>
     <span class='ocr_line' id='line_1_16' title="bbox 418 2252 1590 2351; baseline -0.002 -30"><span class='ocrx_word' id='word_1_129' title='bbox 418 2254 586 2344; x_wconf 85' lang='lat' dir='ltr'>adscripsi:</span> <span class='ocrx_word' id='word_1_130' title='bbox 611 2252 899 2351; x_wconf 67' lang='lat' dir='ltr'>impudentissime</span> <span class='ocrx_word' id='word_1_131' title='bbox 919 2258 1096 2333; x_wconf 78' lang='lat' dir='ltr'>ntentitur,</span> <span class='ocrx_word' id='word_1_132' title='bbox 1127 2278 1215 2321; x_wconf 90' lang='lat' dir='ltr'>nunc</span> <span class='ocrx_word' id='word_1_133' title='bbox 1243 2268 1278 2321; x_wconf 94' lang='lat' dir='ltr'>ut</span> <span class='ocrx_word' id='word_1_134' title='bbox 1302 2256 1336 2321; x_wconf 93' lang='lat' dir='ltr'>in</span> <span class='ocrx_word' id='word_1_135' title='bbox 1360 2279 1395 2321; x_wconf 90' lang='lat' dir='ltr'>re</span> <span class='ocrx_word' id='word_1_136' title='bbox 1416 2267 1502 2321; x_wconf 87' lang='lat' dir='ltr'>certa</span> <span class='ocrx_word' id='word_1_137' title='bbox 1522 2276 1590 2319; x_wconf 91' lang='lat' dir='ltr'>non</span> 
     </span>
     <span class='ocr_line' id='line_1_17' title="bbox 419 2358 1590 2451; baseline -0.002 -26"><span class='ocrx_word' id='word_1_138' title='bbox 419 2361 533 2426; x_wconf 90' lang='lat' dir='ltr'>dubito</span> <span class='ocrx_word' id='word_1_139' title='bbox 555 2360 666 2450; x_wconf 86' lang='lat' dir='ltr'>¹palam</span> <span class='ocrx_word' id='word_1_140' title='bbox 694 2358 917 2449; x_wconf 84' lang='lat' dir='ltr'>pronunciare.</span> <span class='ocrx_word' id='word_1_141' title='bbox 950 2360 1008 2437; x_wconf 73' lang='grc' dir='ltr'>ἔξω</span> <span class='ocrx_word' id='word_1_142' title='bbox 1030 2359 1181 2449; x_wconf 87' lang='lat' dir='ltr'>scriptum</span> <span class='ocrx_word' id='word_1_143' title='bbox 1205 2374 1252 2427; x_wconf 87' lang='lat' dir='ltr'>est</span> <span class='ocrx_word' id='word_1_144' title='bbox 1272 2385 1289 2425; x_wconf 91' lang='lat' dir='ltr'>a</span> <span class='ocrx_word' id='word_1_145' title='bbox 1309 2362 1417 2451; x_wconf 90' lang='lat' dir='ltr'>stipite</span> <span class='ocrx_word' id='word_1_146' title='bbox 1437 2384 1496 2451; x_wconf 81' lang='lat' dir='ltr'>pro</span> <span class='ocrx_word' id='word_1_147' title='bbox 1515 2358 1590 2441; x_wconf 75' lang='grc' dir='ltr'><em>ὄζον,</em></span> 
     </span>
     <span class='ocr_line' id='line_1_18' title="bbox 418 2450 1591 2557; baseline -0.002 -26"><span class='ocrx_word' id='word_1_148' title='bbox 418 2480 454 2532; x_wconf 92' lang='lat' dir='ltr'>ut</span> <span class='ocrx_word' id='word_1_149' title='bbox 474 2488 566 2555; x_wconf 86' lang='lat' dir='ltr'>saepe</span> <span class='ocrx_word' id='word_1_150' title='bbox 587 2467 607 2548; x_wconf 90' lang='grc' dir='ltr'><em>ζ</em></span> <span class='ocrx_word' id='word_1_151' title='bbox 626 2465 695 2542; x_wconf 61' lang='lat' dir='ltr'>et}</span> <span class='ocrx_word' id='word_1_152' title='bbox 719 2462 905 2542; x_wconf 84' lang='lat' dir='ltr'>confundit,</span> <span class='ocrx_word' id='word_1_153' title='bbox 922 2464 1047 2541; x_wconf 77' lang='grc' dir='ltr'><em>ἕξῆοουν</em></span> <span class='ocrx_word' id='word_1_154' title='bbox 1069 2450 1218 2532; x_wconf 84' lang='lat' dir='ltr'>scribens</span> <span class='ocrx_word' id='word_1_155' title='bbox 1229 2490 1288 2557; x_wconf 93' lang='lat' dir='ltr'>pro</span> <span class='ocrx_word' id='word_1_156' title='bbox 1306 2469 1442 2549; x_wconf 76' lang='grc' dir='ltr'><em>ἐζήτουν,</em></span> <span class='ocrx_word' id='word_1_157' title='bbox 1465 2478 1497 2531; x_wconf 92' lang='lat' dir='ltr'>et</span> <span class='ocrx_word' id='word_1_158' title='bbox 1518 2486 1591 2554; x_wconf 86' lang='lat' dir='ltr'>pas-</span> 
     </span>
     <span class='ocr_line' id='line_1_19' title="bbox 417 2568 1593 2660; baseline -0.005 -21"><span class='ocrx_word' id='word_1_159' title='bbox 417 2573 477 2639; x_wconf 88' lang='lat' dir='ltr'>sim</span> <span class='ocrx_word' id='word_1_160' title='bbox 509 2571 645 2640; x_wconf 82' lang='lat' dir='ltr'>absurda</span> <span class='ocrx_word' id='word_1_161' title='bbox 674 2582 705 2636; x_wconf 90' lang='lat' dir='ltr'>et</span> <span class='ocrx_word' id='word_1_162' title='bbox 739 2568 871 2634; x_wconf 85' lang='lat' dir='ltr'>barbara</span> <span class='ocrx_word' id='word_1_163' title='bbox 901 2569 1072 2659; x_wconf 84' lang='lat' dir='ltr'>scriptitat,</span> <span class='ocrx_word' id='word_1_164' title='bbox 1107 2592 1144 2635; x_wconf 85' lang='lat' dir='ltr'>er</span> <span class='ocrx_word' id='word_1_165' title='bbox 1174 2572 1291 2660; x_wconf 87' lang='lat' dir='ltr'>quibus</span> <span class='ocrx_word' id='word_1_166' title='bbox 1317 2570 1516 2635; x_wconf 89' lang='lat' dir='ltr'>simillimum</span> <span class='ocrx_word' id='word_1_167' title='bbox 1545 2578 1593 2633; x_wconf 87' lang='lat' dir='ltr'>est</span> 
     </span>
     <span class='ocr_line' id='line_1_20' title="bbox 419 2674 1591 2769; baseline -0.003 -27"><span class='ocrx_word' id='word_1_168' title='bbox 419 2680 454 2769; x_wconf 68' lang='lat' dir='ltr'>p:</span> <span class='ocrx_word' id='word_1_169' title='bbox 473 2681 525 2743; x_wconf 85' lang='lat'>37.</span> <span class='ocrx_word' id='word_1_170' title='bbox 559 2676 702 2753; x_wconf 77' lang='grc' dir='ltr'><em>ἕξώννυτο</em></span> <span class='ocrx_word' id='word_1_171' title='bbox 732 2687 763 2739; x_wconf 89' lang='lat' dir='ltr'>et</span> <span class='ocrx_word' id='word_1_172' title='bbox 791 2678 865 2741; x_wconf 86' lang='lat'><strong>156.</strong></span> <span class='ocrx_word' id='word_1_173' title='bbox 893 2675 1068 2753; x_wconf 66' lang='grc' dir='ltr'><em>ἐζωσμένον</em></span> <span class='ocrx_word' id='word_1_174' title='bbox 1098 2698 1157 2764; x_wconf 91' lang='lat' dir='ltr'>pro</span> <span class='ocrx_word' id='word_1_175' title='bbox 1182 2677 1325 2758; x_wconf 81' lang='grc' dir='ltr'><em>ἕζώννυοο</em></span> <span class='ocrx_word' id='word_1_176' title='bbox 1350 2686 1383 2739; x_wconf 85' lang='lat' dir='ltr'>et</span> <span class='ocrx_word' id='word_1_177' title='bbox 1409 2674 1591 2757; x_wconf 81' lang='grc' dir='ltr'><em>ἐζωσμένον.</em></span> 
     </span>
     <span class='ocr_line' id='line_1_21' title="bbox 418 2764 1613 2871; baseline -0.005 -24"><span class='ocrx_word' id='word_1_178' title='bbox 418 2784 502 2847; x_wconf 78' lang='lat' dir='ltr'>Vera</span> <span class='ocrx_word' id='word_1_179' title='bbox 532 2781 629 2871; x_wconf 79' lang='lat' dir='ltr'>igitur</span> <span class='ocrx_word' id='word_1_180' title='bbox 656 2780 811 2870; x_wconf 88' lang='lat' dir='ltr'>scriptura</span> <span class='ocrx_word' id='word_1_181' title='bbox 840 2792 905 2859; x_wconf 88' lang='lat' dir='ltr'>est,</span> <span class='ocrx_word' id='word_1_182' title='bbox 937 2801 1033 2867; x_wconf 88' lang='lat' dir='ltr'>quam</span> <span class='ocrx_word' id='word_1_183' title='bbox 1064 2780 1174 2847; x_wconf 69' lang='lat' dir='ltr'>Funis</span> <span class='ocrx_word' id='word_1_184' title='bbox 1193 2780 1316 2868; x_wconf 87' lang='lat' dir='ltr'>primus</span> <span class='ocrx_word' id='word_1_185' title='bbox 1338 2778 1485 2844; x_wconf 88' lang='lat' dir='ltr'>dederat:</span> <span class='ocrx_word' id='word_1_186' title='bbox 1510 2764 1613 2855; x_wconf 62' lang='lat' dir='ltr'>viua&#39;</span> 
     </span>
     <span class='ocr_line' id='line_1_22' title="bbox 418 2883 1590 2977; baseline -0.007 -24"><span class='ocrx_word' id='word_1_187' title='bbox 418 2889 449 2953; x_wconf 75' lang='grc' dir='ltr'>δὲ</span> <span class='ocrx_word' id='word_1_188' title='bbox 479 2884 614 2967; x_wconf 63' lang='lat' dir='ltr'>epolonus</span> <span class='ocrx_word' id='word_1_189' title='bbox 638 2890 697 2949; x_wconf 78' lang='grc' dir='ltr'>τῶν</span> <span class='ocrx_word' id='word_1_190' title='bbox 720 2885 829 2951; x_wconf 80' lang='grc' dir='ltr'><em>τούτου</em></span> <span class='ocrx_word' id='word_1_191' title='bbox 859 2885 938 2963; x_wconf 80' lang='grc' dir='ltr'><em>βοῶν</em></span> <span class='ocrx_word' id='word_1_192' title='bbox 963 2884 1128 2965; x_wconf 81' lang='grc' dir='ltr'><em>μείζονος,</em></span> <span class='ocrx_word' id='word_1_193' title='bbox 1151 2883 1216 2977; x_wconf 61' lang='grc' dir='ltr'>νὄζον</span> <span class='ocrx_word' id='word_1_194' title='bbox 1240 2885 1270 2949; x_wconf 76' lang='grc' dir='ltr'>δὲ</span> <span class='ocrx_word' id='word_1_195' title='bbox 1294 2885 1377 2949; x_wconf 76' lang='grc' dir='ltr'><em>οὐδὲν</em></span> <span class='ocrx_word' id='word_1_196' title='bbox 1400 2885 1459 2948; x_wconf 69' lang='grc' dir='ltr'>ἀπ’</span> <span class='ocrx_word' id='word_1_197' title='bbox 1477 2885 1590 2947; x_wconf 74' lang='grc' dir='ltr'><em>αὐτῶν.</em></span> 
     </span>
     <span class='ocr_line' id='line_1_23' title="bbox 421 2986 1591 3079; baseline -0.006 -20"><span class='ocrx_word' id='word_1_198' title='bbox 421 2990 579 3059; x_wconf 84' lang='lat' dir='ltr'>Gounrnn.</span> <span class='ocrx_word' id='word_1_199' title='bbox 611 2990 733 3056; x_wconf 87' lang='lat' dir='ltr'>censuit</span> <span class='ocrx_word' id='word_1_200' title='bbox 764 3002 836 3079; x_wconf 90' lang='lat' dir='ltr'>post</span> <span class='ocrx_word' id='word_1_201' title='bbox 869 2988 976 3055; x_wconf 88' lang='lat' dir='ltr'>omnia</span> <span class='ocrx_word' id='word_1_202' title='bbox 1007 2988 1115 3055; x_wconf 92' lang='lat' dir='ltr'>locum</span> <span class='ocrx_word' id='word_1_203' title='bbox 1146 2989 1190 3055; x_wconf 89' lang='lat' dir='ltr'>sio</span> <span class='ocrx_word' id='word_1_204' title='bbox 1215 3010 1281 3056; x_wconf 90' lang='lat' dir='ltr'>esse</span> <span class='ocrx_word' id='word_1_205' title='bbox 1311 2986 1591 3053; x_wconf 79' lang='lat' dir='ltr'>constituendum:</span> 
     </span>
     <span class='ocr_line' id='line_1_24' title="bbox 419 3093 1592 3176; baseline -0.003 -13"><span class='ocrx_word' id='word_1_206' title='bbox 419 3098 500 3176; x_wconf 78' lang='grc' dir='ltr'><em>νέμω</em></span> <span class='ocrx_word' id='word_1_207' title='bbox 525 3098 556 3160; x_wconf 77' lang='grc' dir='ltr'>δὲ</span> <span class='ocrx_word' id='word_1_208' title='bbox 586 3095 738 3175; x_wconf 69' lang='grc' dir='ltr'><em>τράγους,</em></span> <span class='ocrx_word' id='word_1_209' title='bbox 771 3093 802 3169; x_wconf 67' lang='lat' dir='ltr'>ts</span> <span class='ocrx_word' id='word_1_210' title='bbox 832 3100 865 3176; x_wconf 73' lang='grc' dir='ltr'>γ’</span> <span class='ocrx_word' id='word_1_211' title='bbox 892 3097 1005 3168; x_wconf 75' lang='grc' dir='ltr'><em>αὐτοὺς</em></span> <span class='ocrx_word' id='word_1_212' title='bbox 1034 3097 1114 3174; x_wconf 79' lang='grc' dir='ltr'><em>βοῶν</em></span> <span class='ocrx_word' id='word_1_213' title='bbox 1139 3094 1283 3172; x_wconf 80' lang='grc' dir='ltr'><em>οὶμείνους</em></span> <span class='ocrx_word' id='word_1_214' title='bbox 1310 3094 1445 3175; x_wconf 77' lang='grc' dir='ltr'><em>οοοορὲξω.</em></span> <span class='ocrx_word' id='word_1_215' title='bbox 1479 3094 1534 3176; x_wconf 78' lang='grc' dir='ltr'>ὄζω</span> <span class='ocrx_word' id='word_1_216' title='bbox 1560 3094 1592 3159; x_wconf 74' lang='grc' dir='ltr'>δὲ</span> 
     </span>
     <span class='ocr_line' id='line_1_25' title="bbox 420 3196 1594 3277; baseline -0.003 -10"><span class='ocrx_word' id='word_1_217' title='bbox 420 3201 503 3267; x_wconf 80' lang='grc' dir='ltr'><em>οὐδὲν</em></span> <span class='ocrx_word' id='word_1_218' title='bbox 524 3201 582 3263; x_wconf 69' lang='grc' dir='ltr'>ἀπ’</span> <span class='ocrx_word' id='word_1_219' title='bbox 601 3202 719 3274; x_wconf 71' lang='grc' dir='ltr'><em>αὐτῶν,</em></span> <span class='ocrx_word' id='word_1_220' title='bbox 745 3201 920 3269; x_wconf 88' lang='lat' dir='ltr'>admonens</span> <span class='ocrx_word' id='word_1_221' title='bbox 945 3201 1100 3267; x_wconf 82' lang='lat' dir='ltr'>Toueruu</span> <span class='ocrx_word' id='word_1_222' title='bbox 1124 3199 1268 3265; x_wconf 89' lang='lat' dir='ltr'>docuisse</span> <span class='ocrx_word' id='word_1_223' title='bbox 1287 3196 1319 3271; x_wconf 75' lang='grc' dir='ltr'>ὅς</span> <span class='ocrx_word' id='word_1_224' title='bbox 1343 3224 1383 3277; x_wconf 73' lang='grc' dir='ltr'>νε</span> <span class='ocrx_word' id='word_1_225' title='bbox 1403 3210 1436 3263; x_wconf 88' lang='lat' dir='ltr'>et</span> <span class='ocrx_word' id='word_1_226' title='bbox 1455 3196 1513 3268; x_wconf 73' lang='grc' dir='ltr'>ὤςε</span> <span class='ocrx_word' id='word_1_227' title='bbox 1533 3198 1594 3263; x_wconf 86' lang='lat' dir='ltr'>ali-</span> 
     </span>
     <span class='ocr_line' id='line_1_26' title="bbox 423 3302 1686 3395; baseline 0.003 -28"><span class='ocrx_word' id='word_1_228' title='bbox 423 3302 553 3393; x_wconf 86' lang='lat' dir='ltr'>quando</span> <span class='ocrx_word' id='word_1_229' title='bbox 574 3304 705 3369; x_wconf 82' lang='lat' dir='ltr'>confusa</span> <span class='ocrx_word' id='word_1_230' title='bbox 726 3306 832 3374; x_wconf 86' lang='lat' dir='ltr'>fuisse.</span> <span class='ocrx_word' id='word_1_231' title='bbox 882 3306 943 3391; x_wconf 80' lang='lat' dir='ltr'>Qui</span> <span class='ocrx_word' id='word_1_232' title='bbox 958 3304 1048 3369; x_wconf 82' lang='lat' dir='ltr'>·haec</span> <span class='ocrx_word' id='word_1_233' title='bbox 1068 3304 1151 3371; x_wconf 89' lang='lat' dir='ltr'>bene</span> <span class='ocrx_word' id='word_1_234' title='bbox 1173 3304 1292 3371; x_wconf 88' lang='lat' dir='ltr'>Graece</span> <span class='ocrx_word' id='word_1_235' title='bbox 1313 3302 1398 3369; x_wconf 88' lang='lat' dir='ltr'>dicta</span> <span class='ocrx_word' id='word_1_236' title='bbox 1418 3328 1484 3371; x_wconf 88' lang='lat' dir='ltr'>esse</span> <span class='ocrx_word' id='word_1_237' title='bbox 1498 3318 1594 3395; x_wconf 89' lang='lat' dir='ltr'>puta·</span> <span class='ocrx_word' id='word_1_238' title='bbox 1682 3374 1686 3379; x_wconf 72' lang='grc'><em>,</em></span> 
     </span>
     <span class='ocr_line' id='line_1_27' title="bbox 421 3409 1597 3503; baseline 0.006 -30"><span class='ocrx_word' id='word_1_239' title='bbox 421 3410 486 3488; x_wconf 85' lang='lat' dir='ltr'>bit,</span> <span class='ocrx_word' id='word_1_240' title='bbox 506 3432 570 3474; x_wconf 92' lang='lat' dir='ltr'>non</span> <span class='ocrx_word' id='word_1_241' title='bbox 590 3432 701 3476; x_wconf 89' lang='lat' dir='ltr'>recuso</span> <span class='ocrx_word' id='word_1_242' title='bbox 725 3412 914 3503; x_wconf 89' lang='lat' dir='ltr'>quominus</span> <span class='ocrx_word' id='word_1_243' title='bbox 937 3412 967 3477; x_wconf 92' lang='lat' dir='ltr'>ei</span> <span class='ocrx_word' id='word_1_244' title='bbox 995 3411 1035 3476; x_wconf 93' lang='lat' dir='ltr'>de</span> <span class='ocrx_word' id='word_1_245' title='bbox 1061 3410 1240 3479; x_wconf 73' lang='lat' dir='ltr'>Conamen</span> <span class='ocrx_word' id='word_1_246' title='bbox 1258 3409 1445 3477; x_wconf 85' lang='lat' dir='ltr'>Graecitatis</span> <span class='ocrx_word' id='word_1_247' title='bbox 1465 3412 1597 3481; x_wconf 85' lang='lat' dir='ltr'>seientia</span> 
     </span>
     <span class='ocr_line' id='line_1_28' title="bbox 422 3516 1594 3607; baseline 0 -24"><span class='ocrx_word' id='word_1_248' title='bbox 422 3516 557 3583; x_wconf 90' lang='lat' dir='ltr'>nimium</span> <span class='ocrx_word' id='word_1_249' title='bbox 583 3518 793 3586; x_wconf 86' lang='lat' dir='ltr'>inclementer</span> <span class='ocrx_word' id='word_1_250' title='bbox 813 3519 926 3585; x_wconf 81' lang='lat' dir='ltr'>dixisse</span> <span class='ocrx_word' id='word_1_251' title='bbox 946 3529 976 3584; x_wconf 91' lang='lat' dir='ltr'>et</span> <span class='ocrx_word' id='word_1_252' title='bbox 996 3517 1108 3607; x_wconf 91' lang='lat' dir='ltr'>inique</span> <span class='ocrx_word' id='word_1_253' title='bbox 1132 3517 1228 3583; x_wconf 92' lang='lat' dir='ltr'>nimis</span> <span class='ocrx_word' id='word_1_254' title='bbox 1254 3520 1371 3582; x_wconf 91' lang='lat' dir='ltr'>sentire</span> <span class='ocrx_word' id='word_1_255' title='bbox 1392 3518 1508 3586; x_wconf 80' lang='lat' dir='ltr'>videar.</span> <span class='ocrx_word' id='word_1_256' title='bbox 1554 3517 1594 3583; x_wconf 90' lang='lat' dir='ltr'>In</span> 
     </span>
    </p>
   </div>
   <div class='ocr_carea' id='block_1_3' title="bbox 419 3649 656 3658">
    <p class='ocr_par' dir='ltr' id='par_1_3' title="bbox 419 3649 656 3658">
     <span class='ocr_line' id='line_1_29' title="bbox 419 3649 656 3658; baseline -0.008 0"><span class='ocrx_word' id='word_1_257' title='bbox 419 3649 656 3658; x_wconf 69' lang='lat'><strong>———-—--—-</strong></span> 
     </span>
    </p>
   </div>
   <div class='ocr_carea' id='block_1_4' title="bbox 354 3690 1619 4766">
    <p class='ocr_par' dir='ltr' id='par_1_4' title="bbox 354 3690 1619 4695">
     <span class='ocr_line' id='line_1_30' title="bbox 456 3690 1593 3761; baseline 0 -18"><span class='ocrx_word' id='word_1_258' title='bbox 456 3692 475 3757; x_wconf 73' lang='lat'>¹)</span> <span class='ocrx_word' id='word_1_259' title='bbox 496 3694 595 3753; x_wconf 78' lang='grc' dir='ltr'><em>νΝὲμυν</em></span> <span class='ocrx_word' id='word_1_260' title='bbox 612 3692 643 3743; x_wconf 74' lang='grc' dir='ltr'>δὲ</span> <span class='ocrx_word' id='word_1_261' title='bbox 660 3696 775 3761; x_wconf 75' lang='grc' dir='ltr'>τράγους</span> <span class='ocrx_word' id='word_1_262' title='bbox 793 3692 825 3752; x_wconf 81' lang='grc' dir='ltr'>ὡς</span> <span class='ocrx_word' id='word_1_263' title='bbox 840 3694 956 3751; x_wconf 79' lang='grc' dir='ltr'><em>τούτους</em></span> <span class='ocrx_word' id='word_1_264' title='bbox 969 3694 1044 3755; x_wconf 77' lang='grc' dir='ltr'><em>βοῶν</em></span> <span class='ocrx_word' id='word_1_265' title='bbox 1059 3695 1218 3756; x_wconf 73' lang='grc' dir='ltr'><em>μείζονας..</em></span> <span class='ocrx_word' id='word_1_266' title='bbox 1229 3726 1252 3741; x_wconf 91' lang='grc'>..</span> <span class='ocrx_word' id='word_1_267' title='bbox 1271 3694 1366 3747; x_wconf 55' lang='grc' dir='ltr'><em>ξυμ..</em></span> <span class='ocrx_word' id='word_1_268' title='bbox 1386 3690 1476 3740; x_wconf 67' lang='grc' dir='ltr'><em>οὐδέν.</em></span> <span class='ocrx_word' id='word_1_269' title='bbox 1502 3690 1593 3743; x_wconf 72' lang='lat' dir='ltr'>c&#39;etait</span> 
     </span>
     <span class='ocr_line' id='line_1_31' title="bbox 419 3778 1593 3844; baseline -0.003 -13"><span class='ocrx_word' id='word_1_270' title='bbox 419 3782 446 3831; x_wconf 65' lang='lat' dir='ltr'>le</span> <span class='ocrx_word' id='word_1_271' title='bbox 468 3782 586 3830; x_wconf 79' lang='lat' dir='ltr'>l&#39;endroit</span> <span class='ocrx_word' id='word_1_272' title='bbox 609 3782 639 3830; x_wconf 86' lang='lat' dir='ltr'>de</span> <span class='ocrx_word' id='word_1_273' title='bbox 663 3789 717 3830; x_wconf 86' lang='lat' dir='ltr'>tous</span> <span class='ocrx_word' id='word_1_274' title='bbox 740 3782 765 3830; x_wconf 90' lang='lat' dir='ltr'>le</span> <span class='ocrx_word' id='word_1_275' title='bbox 788 3781 844 3844; x_wconf 86' lang='lat' dir='ltr'>plus</span> <span class='ocrx_word' id='word_1_276' title='bbox 862 3780 988 3830; x_wconf 76' lang='lat' dir='ltr'>maltraite</span> <span class='ocrx_word' id='word_1_277' title='bbox 1005 3780 1067 3827; x_wconf 85' lang='lat' dir='ltr'>dans</span> <span class='ocrx_word' id='word_1_278' title='bbox 1087 3778 1213 3840; x_wconf 83' lang='lat' dir='ltr'>l&#39;origiual</span> <span class='ocrx_word' id='word_1_279' title='bbox 1230 3778 1315 3841; x_wconf 86' lang='lat' dir='ltr'>quand</span> <span class='ocrx_word' id='word_1_280' title='bbox 1332 3793 1394 3826; x_wconf 87' lang='lat' dir='ltr'>nous</span> <span class='ocrx_word' id='word_1_281' title='bbox 1411 3778 1435 3825; x_wconf 91' lang='lat' dir='ltr'>le</span> <span class='ocrx_word' id='word_1_282' title='bbox 1452 3778 1593 3841; x_wconf 75' lang='lat' dir='ltr'>eopiames,</span> 
     </span>
     <span class='ocr_line' id='line_1_32' title="bbox 420 3862 1593 3928; baseline 0 -14"><span class='ocrx_word' id='word_1_283' title='bbox 420 3866 486 3925; x_wconf 91' lang='lat' dir='ltr'>moi,</span> <span class='ocrx_word' id='word_1_284' title='bbox 510 3866 577 3914; x_wconf 88' lang='lat' dir='ltr'>MM.</span> <span class='ocrx_word' id='word_1_285' title='bbox 595 3865 674 3915; x_wconf 85' lang='lat' dir='ltr'>Furia</span> <span class='ocrx_word' id='word_1_286' title='bbox 691 3872 716 3914; x_wconf 90' lang='lat' dir='ltr'>et</span> <span class='ocrx_word' id='word_1_287' title='bbox 733 3864 847 3915; x_wconf 85' lang='lat' dir='ltr'>Benoini.</span> <span class='ocrx_word' id='word_1_288' title='bbox 883 3866 955 3915; x_wconf 85' lang='lat' dir='ltr'>Nous</span> <span class='ocrx_word' id='word_1_289' title='bbox 971 3880 989 3927; x_wconf 80' lang='lat' dir='ltr'><strong>y</strong></span> <span class='ocrx_word' id='word_1_290' title='bbox 1005 3864 1131 3912; x_wconf 76' lang='lat' dir='ltr'>revlnmes</span> <span class='ocrx_word' id='word_1_291' title='bbox 1149 3862 1271 3925; x_wconf 84' lang='lat' dir='ltr'>plusieurs</span> <span class='ocrx_word' id='word_1_292' title='bbox 1288 3862 1334 3911; x_wconf 79' lang='lat' dir='ltr'>fois</span> <span class='ocrx_word' id='word_1_293' title='bbox 1351 3869 1376 3910; x_wconf 88' lang='lat' dir='ltr'>et</span> <span class='ocrx_word' id='word_1_294' title='bbox 1393 3864 1436 3925; x_wconf 81' lang='lat' dir='ltr'>n&#39;y</span> <span class='ocrx_word' id='word_1_295' title='bbox 1453 3864 1541 3925; x_wconf 79' lang='lat' dir='ltr'>pamas</span> <span class='ocrx_word' id='word_1_296' title='bbox 1555 3863 1593 3928; x_wconf 83' lang='lat' dir='ltr'>ja·</span> 
     </span>
     <span class='ocr_line' id='line_1_33' title="bbox 419 3944 1593 4011; baseline 0 -12"><span class='ocrx_word' id='word_1_297' title='bbox 419 3950 489 4007; x_wconf 65' lang='lat' dir='ltr'>mats,</span> <span class='ocrx_word' id='word_1_298' title='bbox 506 3949 645 4010; x_wconf 82' lang='lat' dir='ltr'>distinguer</span> <span class='ocrx_word' id='word_1_299' title='bbox 666 3962 715 4011; x_wconf 86' lang='lat' dir='ltr'>que</span> <span class='ocrx_word' id='word_1_300' title='bbox 738 3962 766 3999; x_wconf 89' lang='lat' dir='ltr'>ce</span> <span class='ocrx_word' id='word_1_301' title='bbox 782 3963 833 4011; x_wconf 89' lang='lat' dir='ltr'>que</span> <span class='ocrx_word' id='word_1_302' title='bbox 850 3948 897 4011; x_wconf 81' lang='lat' dir='ltr'>j&#39;ai</span> <span class='ocrx_word' id='word_1_303' title='bbox 919 3947 1005 3997; x_wconf 74' lang='lat' dir='ltr'>donne</span> <span class='ocrx_word' id='word_1_304' title='bbox 1021 3944 1116 3994; x_wconf 77' lang='lat' dir='ltr'>totidem</span> <span class='ocrx_word' id='word_1_305' title='bbox 1137 3944 1224 3993; x_wconf 80' lang='lat' dir='ltr'>litteris</span> <span class='ocrx_word' id='word_1_306' title='bbox 1239 3947 1302 3995; x_wconf 83' lang='lat' dir='ltr'>dous</span> <span class='ocrx_word' id='word_1_307' title='bbox 1319 3949 1379 3995; x_wconf 89' lang='lat' dir='ltr'>aron</span> <span class='ocrx_word' id='word_1_308' title='bbox 1393 3945 1496 3996; x_wconf 85' lang='lat' dir='ltr'>e&#39;tlition.</span> <span class='ocrx_word' id='word_1_309' title='bbox 1532 3948 1593 3999; x_wconf 86' lang='lat' dir='ltr'>J&#39;eu</span> 
     </span>
     <span class='ocr_line' id='line_1_34' title="bbox 419 4028 1593 4095; baseline 0.002 -14"><span class='ocrx_word' id='word_1_310' title='bbox 419 4034 488 4085; x_wconf 75' lang='lat' dir='ltr'>aruis</span> <span class='ocrx_word' id='word_1_311' title='bbox 505 4033 550 4080; x_wconf 81' lang='lat' dir='ltr'>fait</span> <span class='ocrx_word' id='word_1_312' title='bbox 567 4031 626 4083; x_wconf 83' lang='lat' dir='ltr'>trois¹</span> <span class='ocrx_word' id='word_1_313' title='bbox 644 4030 737 4091; x_wconf 85' lang='lat' dir='ltr'>copies,</span> <span class='ocrx_word' id='word_1_314' title='bbox 756 4038 914 4081; x_wconf 79' lang='lat' dir='ltr'>exactemcnt</span> <span class='ocrx_word' id='word_1_315' title='bbox 930 4029 1037 4091; x_wconf 75' lang='lat' dir='ltr'>figurees</span> <span class='ocrx_word' id='word_1_316' title='bbox 1054 4043 1097 4076; x_wconf 87' lang='lat' dir='ltr'>sur</span> <span class='ocrx_word' id='word_1_317' title='bbox 1114 4042 1165 4080; x_wconf 87' lang='lat' dir='ltr'>unc</span> <span class='ocrx_word' id='word_1_318' title='bbox 1182 4031 1265 4077; x_wconf 76' lang='lat' dir='ltr'>meme</span> <span class='ocrx_word' id='word_1_319' title='bbox 1282 4030 1375 4080; x_wconf 88' lang='lat' dir='ltr'>feuille.</span> <span class='ocrx_word' id='word_1_320' title='bbox 1402 4028 1475 4083; x_wconf 82' lang='lat' dir='ltr'>Cette</span> <span class='ocrx_word' id='word_1_321' title='bbox 1492 4031 1593 4095; x_wconf 79' lang='lat' dir='ltr'>teuille,</span> 
     </span>
     <span class='ocr_line' id='line_1_35' title="bbox 420 4113 1593 4181; baseline 0.001 -15"><span class='ocrx_word' id='word_1_322' title='bbox 420 4116 524 4181; x_wconf 75' lang='lat' dir='ltr'>depose‘e</span> <span class='ocrx_word' id='word_1_323' title='bbox 541 4116 558 4163; x_wconf 70' lang='lat' dir='ltr'>a</span> <span class='ocrx_word' id='word_1_324' title='bbox 576 4115 601 4163; x_wconf 84' lang='lat' dir='ltr'>la</span> <span class='ocrx_word' id='word_1_325' title='bbox 618 4114 788 4177; x_wconf 78' lang='lat' dir='ltr'>bibliotheque</span> <span class='ocrx_word' id='word_1_326' title='bbox 806 4122 831 4165; x_wconf 91' lang='lat' dir='ltr'>et</span> <span class='ocrx_word' id='word_1_327' title='bbox 844 4116 925 4177; x_wconf 88' lang='lat' dir='ltr'>jointe</span> <span class='ocrx_word' id='word_1_328' title='bbox 943 4130 976 4163; x_wconf 81' lang='lat' dir='ltr'>au</span> <span class='ocrx_word' id='word_1_329' title='bbox 992 4113 1141 4165; x_wconf 82' lang='lat' dir='ltr'>manuscrit.</span> <span class='ocrx_word' id='word_1_330' title='bbox 1159 4128 1254 4176; x_wconf 89' lang='lat' dir='ltr'>prouve</span> <span class='ocrx_word' id='word_1_331' title='bbox 1270 4117 1347 4178; x_wconf 78' lang='lat' dir='ltr'>qu&#39;on</span> <span class='ocrx_word' id='word_1_332' title='bbox 1365 4130 1382 4177; x_wconf 88' lang='lat' dir='ltr'><strong>y</strong></span> <span class='ocrx_word' id='word_1_333' title='bbox 1400 4115 1468 4164; x_wconf 83' lang='lat' dir='ltr'>lisait</span> <span class='ocrx_word' id='word_1_334' title='bbox 1484 4117 1550 4166; x_wconf 81' lang='lat' dir='ltr'>alors</span> <span class='ocrx_word' id='word_1_335' title='bbox 1564 4132 1593 4167; x_wconf 88' lang='lat' dir='ltr'>ee</span> 
     </span>
     <span class='ocr_line' id='line_1_36' title="bbox 420 4196 1619 4268; baseline -0.004 -17"><span class='ocrx_word' id='word_1_336' title='bbox 420 4216 470 4268; x_wconf 85' lang='lat' dir='ltr'>que</span> <span class='ocrx_word' id='word_1_337' title='bbox 490 4200 536 4264; x_wconf 83' lang='lat' dir='ltr'>j’ai</span> <span class='ocrx_word' id='word_1_338' title='bbox 558 4198 655 4263; x_wconf 85' lang='lat' dir='ltr'>publie&#39;:</span> <span class='ocrx_word' id='word_1_339' title='bbox 680 4198 698 4247; x_wconf 86' lang='lat' dir='ltr'>u</span> <span class='ocrx_word' id='word_1_340' title='bbox 722 4205 759 4247; x_wconf 85' lang='lat' dir='ltr'>est</span> <span class='ocrx_word' id='word_1_341' title='bbox 782 4198 836 4246; x_wconf 76' lang='lat' dir='ltr'>urai</span> <span class='ocrx_word' id='word_1_342' title='bbox 857 4199 934 4261; x_wconf 75' lang='lat' dir='ltr'>qu&#39;on</span> <span class='ocrx_word' id='word_1_343' title='bbox 952 4212 970 4259; x_wconf 84' lang='lat' dir='ltr'><strong>y</strong></span> <span class='ocrx_word' id='word_1_344' title='bbox 986 4196 1017 4244; x_wconf 88' lang='lat' dir='ltr'>lit</span> <span class='ocrx_word' id='word_1_345' title='bbox 1034 4197 1205 4257; x_wconf 79' lang='lat' dir='ltr'>maintenent,</span> <span class='ocrx_word' id='word_1_346' title='bbox 1229 4212 1327 4246; x_wconf 87' lang='lat' dir='ltr'>comme</span> <span class='ocrx_word' id='word_1_347' title='bbox 1350 4199 1375 4247; x_wconf 87' lang='lat' dir='ltr'>le</span> <span class='ocrx_word' id='word_1_348' title='bbox 1392 4200 1430 4248; x_wconf 89' lang='lat' dir='ltr'>dit</span> <span class='ocrx_word' id='word_1_349' title='bbox 1447 4200 1484 4249; x_wconf 91' lang='lat' dir='ltr'>M.</span> <span class='ocrx_word' id='word_1_350' title='bbox 1502 4201 1619 4252; x_wconf 71' lang='lat' dir='ltr'>Furias,</span> 
     </span>
     <span class='ocr_line' id='line_1_37' title="bbox 354 4276 1596 4349; baseline -0.001 -13"><span class='ocrx_word' id='word_1_351' title='bbox 354 4276 355 4283; x_wconf 34' lang='lat'>¹</span> <span class='ocrx_word' id='word_1_352' title='bbox 421 4286 476 4337; x_wconf 83' lang='grc' dir='ltr'>τῶν</span> <span class='ocrx_word' id='word_1_353' title='bbox 493 4284 592 4335; x_wconf 71' lang='grc' dir='ltr'><em>τούτου</em></span> <span class='ocrx_word' id='word_1_354' title='bbox 608 4282 682 4343; x_wconf 72' lang='grc' dir='ltr'><em>βοῶν</em></span> <span class='ocrx_word' id='word_1_355' title='bbox 698 4284 843 4346; x_wconf 66' lang='grc' dir='ltr'><em>μείζονας,</em></span> <span class='ocrx_word' id='word_1_356' title='bbox 870 4281 935 4329; x_wconf 81' lang='lat' dir='ltr'>aussi</span> <span class='ocrx_word' id='word_1_357' title='bbox 957 4280 1104 4330; x_wconf 81' lang='lat' dir='ltr'>cluirement</span> <span class='ocrx_word' id='word_1_358' title='bbox 1125 4296 1175 4346; x_wconf 89' lang='lat' dir='ltr'>que</span> <span class='ocrx_word' id='word_1_359' title='bbox 1198 4283 1261 4331; x_wconf 84' lang='lat' dir='ltr'>dans</span> <span class='ocrx_word' id='word_1_360' title='bbox 1285 4298 1367 4333; x_wconf 83' lang='lat' dir='ltr'>aucun</span> <span class='ocrx_word' id='word_1_361' title='bbox 1384 4284 1448 4333; x_wconf 86' lang='lat' dir='ltr'>livre</span> <span class='ocrx_word' id='word_1_362' title='bbox 1466 4285 1596 4349; x_wconf 77' lang='lat' dir='ltr'>imprim63</span> 
     </span>
     <span class='ocr_line' id='line_1_38' title="bbox 422 4364 1594 4436; baseline -0.003 -12"><span class='ocrx_word' id='word_1_363' title='bbox 422 4371 486 4425; x_wconf 80' lang='lat' dir='ltr'>mais</span> <span class='ocrx_word' id='word_1_364' title='bbox 504 4372 563 4419; x_wconf 69' lang='lat' dir='ltr'>dest</span> <span class='ocrx_word' id='word_1_365' title='bbox 580 4384 630 4419; x_wconf 89' lang='lat' dir='ltr'>une</span> <span class='ocrx_word' id='word_1_366' title='bbox 648 4368 784 4417; x_wconf 86' lang='lat' dir='ltr'>correction</span> <span class='ocrx_word' id='word_1_367' title='bbox 802 4366 913 4424; x_wconf 70' lang='lat' dir='ltr'>recente,</span> <span class='ocrx_word' id='word_1_368' title='bbox 936 4364 996 4415; x_wconf 80' lang='lat' dir='ltr'>faite</span> <span class='ocrx_word' id='word_1_369' title='bbox 1010 4367 1108 4430; x_wconf 70' lang='lat' dir='ltr'>d’apres</span> <span class='ocrx_word' id='word_1_370' title='bbox 1125 4384 1167 4416; x_wconf 78' lang='lat' dir='ltr'>usa</span> <span class='ocrx_word' id='word_1_371' title='bbox 1183 4368 1338 4419; x_wconf 83' lang='lat' dir='ltr'>traduction:</span> <span class='ocrx_word' id='word_1_372' title='bbox 1361 4369 1416 4429; x_wconf 81' lang='lat' dir='ltr'>out,</span> <span class='ocrx_word' id='word_1_373' title='bbox 1428 4370 1457 4436; x_wconf 80' lang='lat' dir='ltr'>je</span> <span class='ocrx_word' id='word_1_374' title='bbox 1467 4370 1543 4435; x_wconf 73' lang='lat' dir='ltr'>parde</span> <span class='ocrx_word' id='word_1_375' title='bbox 1561 4369 1594 4419; x_wconf 73' lang='lat' dir='ltr'>tes</span> 
     </span>
     <span class='ocr_line' id='line_1_39' title="bbox 423 4449 1595 4514; baseline 0 -9"><span class='ocrx_word' id='word_1_376' title='bbox 423 4456 518 4505; x_wconf 70' lang='lat' dir='ltr'>chivres</span> <span class='ocrx_word' id='word_1_377' title='bbox 535 4462 557 4503; x_wconf 84' lang='lat' dir='ltr'>et</span> <span class='ocrx_word' id='word_1_378' title='bbox 576 4453 609 4503; x_wconf 84' lang='lat' dir='ltr'>les</span> <span class='ocrx_word' id='word_1_379' title='bbox 626 4450 698 4503; x_wconf 82' lang='lat' dir='ltr'>reads</span> <span class='ocrx_word' id='word_1_380' title='bbox 715 4449 845 4501; x_wconf 71' lang='lat' dir='ltr'>aneilleares</span> <span class='ocrx_word' id='word_1_381' title='bbox 860 4465 947 4513; x_wconf 78' lang='lat' dir='ltr'>queue</span> <span class='ocrx_word' id='word_1_382' title='bbox 964 4457 1043 4501; x_wconf 76' lang='lat' dir='ltr'>serent</span> <span class='ocrx_word' id='word_1_383' title='bbox 1053 4449 1146 4514; x_wconf 80' lang='lat' dir='ltr'>jaracis</span> <span class='ocrx_word' id='word_1_384' title='bbox 1164 4449 1198 4499; x_wconf 80' lang='lat' dir='ltr'>les</span> <span class='ocrx_word' id='word_1_385' title='bbox 1214 4451 1299 4501; x_wconf 77' lang='lat' dir='ltr'>voclar</span> <span class='ocrx_word' id='word_1_386' title='bbox 1315 4450 1345 4499; x_wconf 81' lang='lat' dir='ltr'>de</span> <span class='ocrx_word' id='word_1_387' title='bbox 1362 4452 1461 4503; x_wconf 83' lang='lat' dir='ltr'>celui-ei.</span> <span class='ocrx_word' id='word_1_388' title='bbox 1489 4454 1535 4504; x_wconf 83' lang='lat' dir='ltr'>Cet</span> <span class='ocrx_word' id='word_1_389' title='bbox 1552 4468 1595 4507; x_wconf 82' lang='lat' dir='ltr'>en·</span> 
     </span>
     <span class='ocr_line' id='line_1_40' title="bbox 423 4534 1597 4604; baseline 0 -14"><span class='ocrx_word' id='word_1_390' title='bbox 423 4542 488 4593; x_wconf 84' lang='lat' dir='ltr'>droit</span> <span class='ocrx_word' id='word_1_391' title='bbox 508 4556 524 4589; x_wconf 83' lang='lat' dir='ltr'>a</span> <span class='ocrx_word' id='word_1_392' title='bbox 547 4540 586 4591; x_wconf 75' lang='lat' dir='ltr'>e&#39;te</span> <span class='ocrx_word' id='word_1_393' title='bbox 605 4535 723 4588; x_wconf 75' lang='lat' dir='ltr'>rctouche‘</span> <span class='ocrx_word' id='word_1_394' title='bbox 745 4536 766 4585; x_wconf 90' lang='lat' dir='ltr'>si</span> <span class='ocrx_word' id='word_1_395' title='bbox 789 4534 1007 4587; x_wconf 83' lang='lat' dir='ltr'>maladroitement</span> <span class='ocrx_word' id='word_1_396' title='bbox 1027 4536 1090 4590; x_wconf 78' lang='lat' dir='ltr'>dans</span> <span class='ocrx_word' id='word_1_397' title='bbox 1106 4536 1131 4587; x_wconf 90' lang='lat' dir='ltr'>le</span> <span class='ocrx_word' id='word_1_398' title='bbox 1148 4539 1297 4596; x_wconf 84' lang='lat' dir='ltr'>manuscrit,</span> <span class='ocrx_word' id='word_1_399' title='bbox 1320 4553 1370 4603; x_wconf 92' lang='lat' dir='ltr'>que</span> <span class='ocrx_word' id='word_1_400' title='bbox 1388 4539 1540 4604; x_wconf 81' lang='lat' dir='ltr'>l&#39;imposture</span> <span class='ocrx_word' id='word_1_401' title='bbox 1559 4546 1597 4591; x_wconf 81' lang='lat' dir='ltr'>ert</span> 
     </span>
     <span class='ocr_line' id='line_1_41' title="bbox 424 4624 1432 4695; baseline -0.003 -22"><span class='ocrx_word' id='word_1_402' title='bbox 424 4624 537 4673; x_wconf 77' lang='lat' dir='ltr'>vlsible.&#39;&#39;</span> <span class='ocrx_word' id='word_1_403' title='bbox 901 4686 903 4694; x_wconf 20' lang='lat' dir='ltr'>y</span> <span class='ocrx_word' id='word_1_404' title='bbox 1428 4688 1432 4695; x_wconf 85' lang='lat'>.</span> 
     </span>
    </p>

    <p class='ocr_par' dir='ltr' id='par_1_5' title="bbox 459 4702 1352 4766">
     <span class='ocr_line' id='line_1_42' title="bbox 459 4702 1352 4766; baseline -0.004 -8"><span class='ocrx_word' id='word_1_405' title='bbox 459 4707 578 4759; x_wconf 76' lang='lat' dir='ltr'>Eiusdem</span> <span class='ocrx_word' id='word_1_406' title='bbox 595 4713 633 4755; x_wconf 86' lang='lat' dir='ltr'>ost</span> <span class='ocrx_word' id='word_1_407' title='bbox 649 4706 685 4757; x_wconf 83' lang='lat' dir='ltr'>sie</span> <span class='ocrx_word' id='word_1_408' title='bbox 702 4704 803 4757; x_wconf 71' lang='lat' dir='ltr'>martiri</span> <span class='ocrx_word' id='word_1_409' title='bbox 821 4710 846 4757; x_wconf 84' lang='lat' dir='ltr'>et</span> <span class='ocrx_word' id='word_1_410' title='bbox 863 4702 984 4765; x_wconf 82' lang='lat' dir='ltr'>Codioem</span> <span class='ocrx_word' id='word_1_411' title='bbox 999 4705 1031 4755; x_wconf 83' lang='lat' dir='ltr'>de</span> <span class='ocrx_word' id='word_1_412' title='bbox 1047 4703 1170 4757; x_wconf 80' lang='lat' dir='ltr'>industris</span> <span class='ocrx_word' id='word_1_413' title='bbox 1185 4715 1352 4766; x_wconf 83' lang='lat' dir='ltr'>eorrumpere.</span> 
     </span>
    </p>
   </div>
   <div class='ocr_carea' id='block_1_5' title="bbox 0 0 1899 5717">
    <p class='ocr_par' dir='ltr' id='par_1_6' title="bbox 0 0 1899 5717">
     <span class='ocr_line' id='line_1_43' title="bbox 0 0 1899 5717; baseline 0 0"><span class='ocrx_word' id='word_1_414' title='bbox 0 0 1899 5717; x_wconf 95' lang='lat' dir='ltr'> </span> 
     </span>
    </p>
   </div>
  </div>
 </body>
</html>
