3767 5717
978 620 1046 682 234

428 816 494 895 dit,
517 827 554 896 nt
572 816 605 880 in
623 812 695 879 τότε
715 814 750 891 δή
774 822 799 880 ¹.
847 810 1024 878 Confirmat
1053 809 1136 876 bane
1161 809 1416 877 observationem
1436 823 1469 876 et
1493 833 1602 883 reram

429 945 496 1009 esse
525 920 719 987 demonstrat
750 917 837 1009 quod
865 920 952 995 ιοιδὴ
973 941 1036 985 non
1057 915 1217 982 dirimitur
1237 916 1423 1007 interposita
1444 918 1603 1008 particula

427 1041 459 1093 et
479 1027 596 1092 dicitur
616 1028 702 1100 ιιιοδίι
724 1026 799 1104 μέν,
826 1047 891 1089 non
911 1029 961 1089 ιῦι
983 1026 1039 1103 μὲι
1062 1025 1123 1098 Bri..
1142 1021 1228 1112 quod
1249 1021 1352 1087 sicubi
1371 1023 1489 1113 legitur
1510 1026 1601 1093 ride·

427 1134 476 1199 bis
506 1133 545 1197 ad
575 1138 626 1197 νῦν
646 1132 681 1205 δή
713 1130 917 1195 referendum
945 1141 977 1194 et
1003 1152 1076 1194 curn
1096 1129 1255 1218 praesenti
1277 1140 1418 1218 tempore
1439 1143 1470 1194 et
1491 1131 1601 1199 futuro

428 1237 598 1326 coniungi,
627 1234 712 1301 unde
732 1236 869 1301 discerni
889 1248 1021 1325 possunt
1041 1258 1124 1324 quae
1143 1234 1183 1298 de
1204 1239 1254 1299 νῦν
1275 1235 1310 1309 δή
1331 1234 1552 1303 Iluuuttnrilus
1572 1251 1605 1304 et

429 1344 485 1410 alii
503 1344 717 1432 collegerunt,
736 1354 767 1405 et
787 1341 909 1406 restitui
932 1343 1019 1416 ιοιδή
1038 1341 1064 1406 si
1085 1339 1214 1430 quando
1230 1339 1339 1427 periit,
1357 1354 1391 1406 ut
1412 1343 1445 1407 in
1457 1344 1606 1435 Nubibus

427 1473 470 1515 rs.
493 1451 568 1512 825.
593 1447 717 1523 ι’όριοοοις
742 1448 828 1520 rarii
853 1446 935 1524 Διό,
970 1446 1027 1511 ubi
1056 1448 1170 1537 optimi
1192 1445 1328 1511 Codices
1350 1453 1401 1512 ιῦι
1428 1449 1479 1513 δίο
1500 1460 1533 1513 et
1552 1454 1605 1515 νῦν

428 1557 461 1629 ris
483 1554 533 1619 διὀι
554 1551 725 1627 exhibent,
750 1550 834 1615 etin
860 1550 1093 1642 Thesmophor.
1118 1556 1249 1618 ss934.
1274 1554 1308 1627 νὴ
1330 1553 1382 1616 Δί’
1405 1556 1444 1625 ὡς
1466 1559 1518 1619 οὖν
1538 1557 1607 1628 δῆτ’

427 1660 501 1738 οξιὶρρ
528 1657 660 1734 Ὀλόγου
683 1657 718 1733 μ’
741 1655 888 1736 όφεόλετ’
915 1658 1009 1720 edelr
1032 1657 1226 1738 ἱςιορροόφος,
1249 1656 1281 1719 in
1303 1664 1604 1723 NTNAHTANHP

428 1764 531 1829 inerat
560 1762 647 1833 ιοιδιό
671 1762 703 1837 γ’
726 1760 811 1838 stirp.
861 1758 1011 1824 Prason
1039 1760 1137 1825 redde
1161 1760 1195 1823 in
1213 1760 1410 1849 Protagora
1433 1786 1466 1851 p.
1488 1768 1553 1829 339
1574 1782 1607 1828 A.

429 1869 497 1949 περὶ
517 1863 608 1945 οὗπερ
627 1867 687 1942 ε’γόι
705 1888 741 1929 τε
762 1864 814 1928 nal
829 1864 866 1929 σὺ
889 1867 976 1939 vorbis
994 1866 1200 1944 διελεγόμεόοι
1222 1888 1282 1954 pro
1304 1874 1355 1931 οὖν
1375 1869 1605 1946 διαλεγόμεθα,

428 1986 460 2037 et
482 1972 697 2035 Dsuosfflttttt
717 1970 758 2033 de
776 1968 871 2035 Folo.
895 1970 1012 2059 Legat.
1032 1994 1065 2060 p.
1085 1975 1167 2049 361,
1188 1974 1240 2035 20.
1264 1968 1315 2035 ότε
1338 1970 1401 2050 γόιρ
1424 1973 1509 2046 vorbis
1530 1974 1605 2037 ε’το-

428 2077 578 2160 ρεοόριεόο
601 2078 643 2147 εἰς
661 2076 828 2155 Δελφούς,
849 2099 909 2165 pro
929 2082 980 2140 ιῦι
1002 2077 1219 2157 ἐπορευόμεθα.
1251 2076 1363 2140 Dicam
1386 2098 1471 2140 nunc
1493 2100 1609 2166 quam-

430 2184 539 2248 obrem
570 2181 650 2245 haec
680 2179 905 2268 praemiserim.
954 2179 992 2245 ln
1021 2182 1135 2245 nostris
1165 2180 1338 2246 (lodicibus
1359 2192 1390 2246 et
1412 2182 1606 2248 editionibus

430 2290 594 2354 Pnnronus
626 2285 774 2349 omnibus
801 2286 843 2349 ito
866 2285 1028 2350 scribitur:
1054 2287 1071 2362 ἢ
1099 2291 1151 2350 νῦν
1176 2288 1211 2360 δὴ
1234 2288 1291 2364 μὲι
1315 2287 1447 2364 ὀλίγον
1472 2288 1605 2369 ipepo-

331 2467 335 2475 ,
429 2396 512 2459 σόει
545 2392 663 2461 τούτοις
694 2390 915 2470 περιτυχόντες
947 2399 1011 2463 τοῖς
1041 2389 1146 2468 λόγοις
1174 2391 1240 2456 reri.
1275 2390 1424 2455 vidistine
1453 2414 1606 2483 umquam

428 2512 493 2565 tam
522 2496 726 2563 manifestum
749 2494 909 2561 etnhtema
930 2507 1047 2561 ettam
1068 2494 1251 2561 insulsum?
1300 2496 1389 2561 vidit
1410 2498 1557 2563 Bronntt
1576 2511 1607 2565 et

428 2605 558 2698 expulit.
607 2602 696 2666 Dabo
726 2602 812 2691 quod
843 2604 938 2667 etiam
969 2602 1060 2692 peius
1091 2611 1147 2667 est.
1185 2601 1232 2667 tn
1261 2601 1332 2692 ipso
1362 2603 1512 2683 Scholia,
1542 2628 1606 2695 quo

428 2712 515 2784 ιοιδό
537 2708 731 2797 explicatur,
755 2706 839 2795 apud
864 2708 1018 2773 Pnortuu
1036 2720 1069 2772 et
1088 2707 1223 2773 Sumsit
1243 2711 1287 2774 sic
1308 2709 1440 2797 legitur:
1463 2716 1530 2775 Νῦν
1553 2713 1605 2787 δύο

428 2814 540 2895 οὲρτόιος
573 2814 589 2889 ἢ
619 2810 929 2892 μικρὲιόριτροοόει.
963 2812 1091 2890 Νόμοις.
1123 2814 1140 2888 ἢ
1168 2818 1218 2877 οὖν
1249 2816 1283 2887 ii
1306 2816 1364 2891 μὲι
1388 2815 1522 2892 όλόγοί
1545 2814 1606 2893 ἔμ-

426 2922 583 3002 τροοόει
609 2920 729 2990 τούτοις
755 2917 978 2998 περιτυχόντες
1005 2926 1069 2989 τοῖς
1096 2917 1202 2995 λόγοις
1226 2917 1303 2982 οὕτω
1331 2923 1425 2983 τοῦτ’
1444 2921 1604 2998 ε’τίόεροειι,

426 3031 477 3091 νῦν
501 3027 527 3089 δ’
550 3024 797 3100 ε’τιλελήοριεόο.
847 3022 920 3087 Non
943 3022 1008 3087 ridi
1028 3022 1138 3111 magis.
1188 3021 1249 3105 Qui
1274 3021 1353 3087 lraec
1376 3046 1480 3113 aequo
1497 3025 1606 3089 animo

429 3130 512 3195 ferre
528 3138 702 3218 potuerunt
719 3150 813 3193 nemo
828 3128 999 3193 mirabitur
1010 3131 1117 3193 omnia
1134 3152 1226 3218 posse
1239 3151 1450 3219 concoquere.
1476 3128 1605 3212 Quanto

429 3257 524 3324 opere
555 3246 661 3298 autem
690 3234 860 3301 sciolorum
894 3248 925 3301 ct
955 3235 1111 3300 lectorum
1140 3247 1173 3299 et
1200 3217 1452 3325 magistellorum
1478 3236 1605 3301 addita-

429 3353 538 3405 menta
559 3340 731 3429 deturpent
750 3342 957 3432 antiquorum
978 3342 1095 3431 scripta
1115 3353 1147 3406 et
1167 3342 1192 3406 si
1218 3342 1274 3431 qui
1294 3342 1444 3407 aliilibri
1464 3342 1496 3405 in
1516 3341 1604 3407 mul-

431 3460 536 3513 torum
553 3446 700 3511 manibus
719 3459 825 3525 erant,
843 3447 1009 3513 ostendam
1027 3448 1165 3536 primurn
1182 3448 1216 3512 in
1233 3447 1384 3513 Lucrino
1403 3446 1608 3537 propediem,

433 3565 465 3619 et
496 3555 528 3619 in
551 3554 673 3642 optimo
697 3575 827 3642 quoque
851 3565 1014 3631 veterum,
1048 3552 1105 3617 ubi
1132 3552 1171 3617 ad
1192 3552 1322 3617 illorum
1349 3553 1608 3619 emendationem

434 3659 552 3725 deinde
573 3680 750 3723 accessero:
776 3680 861 3724 nunc
882 3659 921 3723 ad
941 3659 1122 3725 Luctnuun
1142 3658 1298 3753 redeundi
1319 3670 1445 3750 tempus
1464 3672 1520 3725 est.

479 3766 517 3831 ln
548 3766 707 3853 Dialogr's
729 3764 942 3831 Mortuerum
967 3769 1027 3842 10,
1054 3769 1114 3843 tt,
1139 3773 1170 3831 5.
1201 3765 1333 3829 barbara
1361 3766 1463 3831 forma
1483 3777 1614 3855 recepta

434 3883 481 3935 est
502 3869 693 3935 relatiuis:
717 3890 774 3957 pro
794 3866 1006 3935 κοιόόλοοόοιι.
1049 3869 1087 3935 ln
1110 3870 1245 3958 Dialogo
1265 3868 1351 3934 XIX.
1371 3873 1389 3954 §
1410 3874 1441 3935 2.
1465 3871 1533 3951 περὶ
1555 3878 1611 3937 τοῦ

432 3976 539 4055 ἔρωτος
567 3974 637 4061 lege
658 3974 732 4055 ὑπέρ
755 3987 786 4040 et
807 3976 840 4039 οὲ
865 3976 959 4039 ιιύτόι
983 3999 1042 4064 pro
1062 3976 1205 4043 οεοιοτόι.
1226 3976 1342 4041 xiiii.
1364 3982 1395 4043 3.
1417 3975 1521 4059 τόφοι
1547 3978 1611 4057 ἐρεῖ

434 4080 500 4145 imo
521 4078 606 4157 ἔχει,
643 4089 710 4143 tum
737 4080 840 4145 scribe
860 4082 943 4145 οὐδὲν
969 4080 1082 4160 ἔμελεν
1105 4084 1189 4162 αὐτῷ
1214 4105 1273 4172 pro
1295 4084 1373 4148 οὐδὲ.
1396 4082 1459 4148 hoc
1481 4104 1614 4171 quoquo

438 4183 632 4251 tralaticium
652 4184 764 4250 vitium
785 4198 849 4251 est:
874 4184 1035 4251 interdum
1057 4186 1140 4251 οὐδέν
1161 4210 1220 4276 pro
1240 4189 1307 4253 οὐδὲ
1328 4187 1471 4278 irrepsit,
1495 4185 1617 4275 saepis·

437 4292 514 4357 sime
543 4289 609 4354 οὐδέ
639 4313 699 4380 pro
721 4291 826 4381 οὐδείι,Ι
846 4291 936 4355 οιιίιιο
959 4291 1004 4357 rei
1025 4292 1169 4381 exempla
1189 4294 1247 4358 sibi
1271 4294 1409 4384 quisque
1428 4304 1508 4384 quot
1527 4291 1617 4357 tolet

431 4396 576 4487 colliget.
637 4394 675 4461 In
707 4396 916 4475 Pnirrnrnrs
944 4396 1044 4486 Epist.
1074 4400 1103 4463 8.
1132 4421 1193 4487 pro
1222 4399 1306 4481 λόγῳ
1333 4401 1365 4463 δὲ
1395 4401 1480 4465 οὐδὲν
1507 4397 1613 4476 οἵομιιι

446 4570 674 4583 nn———n-—n-

431 4652 434 4661 ⁴
469 4650 490 4715 ¹)
508 4650 590 4699 Fuere
616 4650 677 4699 olim
704 4648 830 4712 magistri,
857 4648 901 4714 qui
928 4648 1016 4716 οόιδιρ
1039 4652 1197 4701 scribendum
1216 4664 1269 4700 esse
1286 4652 1470 4715 praeciperent:
1494 4648 1612 4715 terrori,

434 4731 545 4797 όςιοιιή,
566 4732 695 4799 δηλαδή,
715 4733 778 4803 ιιΙίειἓ
795 4734 902 4785 suadent
918 4742 947 4784 ut
964 4735 1051 4799 νυνδή
1068 4736 1229 4799 praeferatur.
1318 4750 1323 4761 ¹
