<?xml version="1.0" encoding="UTF-8"?>
<!DOCTYPE html PUBLIC "-//W3C//DTD XHTML 1.0 Transitional//EN"
    "http://www.w3.org/TR/xhtml1/DTD/xhtml1-transitional.dtd">
<html xmlns="http://www.w3.org/1999/xhtml" xml:lang="en" lang="en">
 <head>
  <title>
</title>
<meta http-equiv="Content-Type" content="text/html;charset=utf-8" />
  <meta name='ocr-system' content='tesseract 3.04.00' />
  <meta name='ocr-capabilities' content='ocr_page ocr_carea ocr_par ocr_line ocrx_word'/>
</head>
<body>
  <div class='ocr_page' id='page_1' title='image "./variaelectiones02cobegoog_0103.png"; bbox 0 0 3767 5717; ppageno 0'>
   <div class='ocr_carea' id='block_1_1' title="bbox 841 632 884 696">
    <p class='ocr_par' dir='ltr' id='par_1_1' title="bbox 841 632 884 696">
     <span class='ocr_line' id='line_1_1' title="bbox 841 632 884 696; baseline 0.047 -2"><span class='ocrx_word' id='word_1_1' title='bbox 841 632 884 696; x_wconf 81' lang='lat'>85</span> 
     </span>
    </p>
   </div>
   <div class='ocr_carea' id='block_1_2' title="bbox 272 800 1459 891">
    <p class='ocr_par' dir='ltr' id='par_1_2' title="bbox 272 800 1459 891">
     <span class='ocr_line' id='line_1_2' title="bbox 272 800 1459 891; baseline 0 -21"><span class='ocrx_word' id='word_1_2' title='bbox 272 823 342 873; x_wconf 90' lang='lat' dir='ltr'>mae</span> <span class='ocrx_word' id='word_1_3' title='bbox 368 825 479 872; x_wconf 88' lang='lat' dir='ltr'>omues</span> <span class='ocrx_word' id='word_1_4' title='bbox 509 825 613 891; x_wconf 92' lang='lat' dir='ltr'>neque</span> <span class='ocrx_word' id='word_1_5' title='bbox 643 805 795 890; x_wconf 77' lang='lat' dir='ltr'>antiquae</span> <span class='ocrx_word' id='word_1_6' title='bbox 818 814 895 870; x_wconf 90' lang='lat' dir='ltr'>sunt</span> <span class='ocrx_word' id='word_1_7' title='bbox 919 823 1021 890; x_wconf 90' lang='lat' dir='ltr'>neque</span> <span class='ocrx_word' id='word_1_8' title='bbox 1050 802 1188 890; x_wconf 80' lang='lat' dir='ltr'><strong>probae:</strong></span> <span class='ocrx_word' id='word_1_9' title='bbox 1220 800 1304 888; x_wconf 92' lang='lat' dir='ltr'>apud</span> <span class='ocrx_word' id='word_1_10' title='bbox 1334 808 1459 870; x_wconf 84' lang='lat' dir='ltr'>veteres</span> 
     </span>
    </p>
   </div>
   <div class='ocr_carea' id='block_1_3' title="bbox 263 907 1512 4780">
    <p class='ocr_par' dir='ltr' id='par_1_3' title="bbox 267 907 1462 3202">
     <span class='ocr_line' id='line_1_3' title="bbox 270 907 1456 998; baseline -0.002 -22"><span class='ocrx_word' id='word_1_11' title='bbox 270 929 390 998; x_wconf 88' lang='lat' dir='ltr'>paucae</span> <span class='ocrx_word' id='word_1_12' title='bbox 413 910 569 997; x_wconf 79' lang='lat' dir='ltr'>quaedam</span> <span class='ocrx_word' id='word_1_13' title='bbox 599 919 675 976; x_wconf 87' lang='lat' dir='ltr'>suut</span> <span class='ocrx_word' id='word_1_14' title='bbox 708 909 872 976; x_wconf 79' lang='lat' dir='ltr'>formaea</span> <span class='ocrx_word' id='word_1_15' title='bbox 901 909 1051 996; x_wconf 87' lang='lat' dir='ltr'>perlectis</span> <span class='ocrx_word' id='word_1_16' title='bbox 1071 907 1247 984; x_wconf 81' lang='lat' dir='ltr'>derivatae,</span> <span class='ocrx_word' id='word_1_17' title='bbox 1281 927 1392 974; x_wconf 85' lang='lat' dir='ltr'>ornnes</span> <span class='ocrx_word' id='word_1_18' title='bbox 1422 908 1456 974; x_wconf 91' lang='lat' dir='ltr'>iu</span> 
     </span>
     <span class='ocr_line' id='line_1_4' title="bbox 269 1012 1458 1096; baseline -0.002 -14"><span class='ocrx_word' id='word_1_19' title='bbox 269 1017 310 1082; x_wconf 89' lang='grc' dir='ltr'>-θι</span> <span class='ocrx_word' id='word_1_20' title='bbox 338 1024 492 1083; x_wconf 82' lang='lat' dir='ltr'>exeuntes</span> <span class='ocrx_word' id='word_1_21' title='bbox 510 1013 618 1091; x_wconf 77' lang='grc' dir='ltr'><strong><em>έςαθν,</em></strong></span> <span class='ocrx_word' id='word_1_22' title='bbox 656 1015 792 1092; x_wconf 87' lang='grc' dir='ltr'><strong><em>τέθναθι,</em></strong></span> <span class='ocrx_word' id='word_1_23' title='bbox 822 1016 956 1095; x_wconf 88' lang='grc' dir='ltr'><strong><em>βέβαθι,</em></strong></span> <span class='ocrx_word' id='word_1_24' title='bbox 984 1014 1133 1085; x_wconf 75' lang='grc' dir='ltr'><strong><em>τέτλαθι,</em></strong></span> <span class='ocrx_word' id='word_1_25' title='bbox 1162 1012 1328 1096; x_wconf 85' lang='grc' dir='ltr'><strong><em>κέκραχθι,</em></strong></span> <span class='ocrx_word' id='word_1_26' title='bbox 1352 1012 1458 1089; x_wconf 82' lang='grc' dir='ltr'><strong><em>δέδιθι,</em></strong></span> 
     </span>
     <span class='ocr_line' id='line_1_5' title="bbox 269 1118 1341 1209; baseline -0.002 -22"><span class='ocrx_word' id='word_1_27' title='bbox 269 1118 347 1197; x_wconf 75' lang='lat' dir='ltr'>icit,</span> <span class='ocrx_word' id='word_1_28' title='bbox 381 1120 506 1187; x_wconf 75' lang='grc' dir='ltr'><strong><em>πέπισθι</em></strong></span> <span class='ocrx_word' id='word_1_29' title='bbox 532 1120 608 1209; x_wconf 84' lang='lat' dir='ltr'>(nou</span> <span class='ocrx_word' id='word_1_30' title='bbox 627 1120 780 1187; x_wconf 85' lang='grc' dir='ltr'><strong><em>πέπεισθι.</em></strong></span> <span class='ocrx_word' id='word_1_31' title='bbox 827 1121 977 1186; x_wconf 75' lang='lat' dir='ltr'>Ausonii..</span> <span class='ocrx_word' id='word_1_32' title='bbox 1003 1119 1169 1186; x_wconf 78' lang='grc' dir='ltr'><strong><em>Εκοιοαθθ.</em></strong></span> <span class='ocrx_word' id='word_1_33' title='bbox 1188 1123 1253 1186; x_wconf 79' lang='grc'>598</span> <span class='ocrx_word' id='word_1_34' title='bbox 1272 1139 1341 1204; x_wconf 72' lang='lat' dir='ltr'>sap:</span> 
     </span>
     <span class='ocr_line' id='line_1_6' title="bbox 476 1224 1264 1308; baseline -0.006 -15"><span class='ocrx_word' id='word_1_35' title='bbox 476 1227 605 1301; x_wconf 84' lang='grc' dir='ltr'><strong><em>πέποιθ’,</em></strong></span> <span class='ocrx_word' id='word_1_36' title='bbox 625 1227 752 1308; x_wconf 74' lang='grc' dir='ltr'><strong><em>άρωνάς</em></strong></span> <span class='ocrx_word' id='word_1_37' title='bbox 777 1228 804 1292; x_wconf 91' lang='grc' dir='ltr'>δ’</span> <span class='ocrx_word' id='word_1_38' title='bbox 823 1226 858 1290; x_wconf 81' lang='grc' dir='ltr'>ἐκ</span> <span class='ocrx_word' id='word_1_39' title='bbox 881 1224 987 1307; x_wconf 81' lang='grc' dir='ltr'><strong><em>τάφου</em></strong></span> <span class='ocrx_word' id='word_1_40' title='bbox 1009 1224 1130 1304; x_wconf 80' lang='grc' dir='ltr'><strong><em>πέαπει</em></strong></span> <span class='ocrx_word' id='word_1_41' title='bbox 1150 1225 1264 1306; x_wconf 72' lang='grc' dir='ltr'><strong><em>πατήρ.</em></strong></span> 
     </span>
     <span class='ocr_line' id='line_1_7' title="bbox 474 1330 1146 1413; baseline -0.004 -16"><span class='ocrx_word' id='word_1_42' title='bbox 474 1332 603 1413; x_wconf 81' lang='grc' dir='ltr'><strong><em>νεκροῖσί</em></strong></span> <span class='ocrx_word' id='word_1_43' title='bbox 624 1354 678 1396; x_wconf 86' lang='grc' dir='ltr'>νον</span> <span class='ocrx_word' id='word_1_44' title='bbox 699 1332 850 1396; x_wconf 84' lang='grc' dir='ltr'><strong><em>πέπισθι</em></strong></span> <span class='ocrx_word' id='word_1_45' title='bbox 875 1330 996 1411; x_wconf 75' lang='grc' dir='ltr'><strong><em>μητέρα</em></strong></span> <span class='ocrx_word' id='word_1_46' title='bbox 1019 1331 1146 1396; x_wconf 79' lang='grc' dir='ltr'><strong><em>κτανών.</em></strong></span> 
     </span>
     <span class='ocr_line' id='line_1_8' title="bbox 271 1430 1459 1522; baseline -0.002 -22"><span class='ocrx_word' id='word_1_47' title='bbox 271 1435 402 1522; x_wconf 80' lang='lat' dir='ltr'>vulgata</span> <span class='ocrx_word' id='word_1_48' title='bbox 422 1437 584 1522; x_wconf 86' lang='lat' dir='ltr'>scriptura</span> <span class='ocrx_word' id='word_1_49' title='bbox 601 1435 701 1501; x_wconf 83' lang='lat' dir='ltr'><strong>nihilo</strong></span> <span class='ocrx_word' id='word_1_50' title='bbox 717 1444 767 1502; x_wconf 85' lang='lat' dir='ltr'>est</span> <span class='ocrx_word' id='word_1_51' title='bbox 786 1435 927 1501; x_wconf 79' lang='lat' dir='ltr'><strong>deterior</strong></span> <span class='ocrx_word' id='word_1_52' title='bbox 946 1430 1130 1520; x_wconf 74' lang='lat' dir='ltr'>quam·riola</span> <span class='ocrx_word' id='word_1_53' title='bbox 1147 1453 1204 1520; x_wconf 90' lang='lat' dir='ltr'>pro</span> <span class='ocrx_word' id='word_1_54' title='bbox 1227 1433 1310 1522; x_wconf 63' lang='grc' dir='ltr'><strong><em>ἴσθιρ</em></strong></span> <span class='ocrx_word' id='word_1_55' title='bbox 1323 1432 1459 1516; x_wconf 83' lang='grc' dir='ltr'><strong><em>άναχθι,</em></strong></span> 
     </span>
     <span class='ocr_line' id='line_1_9' title="bbox 271 1538 1461 1628; baseline 0 -24"><span class='ocrx_word' id='word_1_56' title='bbox 271 1540 305 1604; x_wconf 89' lang='lat' dir='ltr'>in</span> <span class='ocrx_word' id='word_1_57' title='bbox 330 1540 449 1626; x_wconf 89' lang='lat' dir='ltr'>quibus</span> <span class='ocrx_word' id='word_1_58' title='bbox 468 1539 617 1606; x_wconf 87' lang='lat' dir='ltr'>omuibus</span> <span class='ocrx_word' id='word_1_59' title='bbox 637 1541 779 1628; x_wconf 86' lang='lat' dir='ltr'>reliquae</span> <span class='ocrx_word' id='word_1_60' title='bbox 801 1559 956 1627; x_wconf 86' lang='lat' dir='ltr'>personae</span> <span class='ocrx_word' id='word_1_61' title='bbox 980 1541 1013 1603; x_wconf 92' lang='lat' dir='ltr'>in</span> <span class='ocrx_word' id='word_1_62' title='bbox 1037 1538 1214 1625; x_wconf 89' lang='lat' dir='ltr'>penultima</span> <span class='ocrx_word' id='word_1_63' title='bbox 1234 1547 1324 1606; x_wconf 77' lang='lat' dir='ltr'>extra</span> <span class='ocrx_word' id='word_1_64' title='bbox 1348 1558 1461 1627; x_wconf 82' lang='lat' dir='ltr'>synco-</span> 
     </span>
     <span class='ocr_line' id='line_1_10' title="bbox 272 1643 1460 1732; baseline 0.002 -24"><span class='ocrx_word' id='word_1_65' title='bbox 272 1664 333 1731; x_wconf 91' lang='lat' dir='ltr'>peu</span> <span class='ocrx_word' id='word_1_66' title='bbox 352 1647 494 1712; x_wconf 86' lang='lat' dir='ltr'>retinent</span> <span class='ocrx_word' id='word_1_67' title='bbox 516 1645 655 1711; x_wconf 79' lang='lat' dir='ltr'>vocalem</span> <span class='ocrx_word' id='word_1_68' title='bbox 668 1670 691 1711; x_wconf 94' lang='grc' dir='ltr'><strong><em>α</em></strong></span> <span class='ocrx_word' id='word_1_69' title='bbox 712 1665 750 1714; x_wconf 81' lang='lat' dir='ltr'>ex</span> <span class='ocrx_word' id='word_1_70' title='bbox 774 1645 844 1732; x_wconf 88' lang='lat' dir='ltr'>ipsa</span> <span class='ocrx_word' id='word_1_71' title='bbox 862 1653 978 1710; x_wconf 89' lang='lat' dir='ltr'>natura</span> <span class='ocrx_word' id='word_1_72' title='bbox 1003 1643 1114 1710; x_wconf 74' lang='lat' dir='ltr'>dracoi</span> <span class='ocrx_word' id='word_1_73' title='bbox 1130 1644 1299 1711; x_wconf 79' lang='lat' dir='ltr'>sermonis,</span> <span class='ocrx_word' id='word_1_74' title='bbox 1324 1643 1460 1726; x_wconf 79' lang='grc' dir='ltr'><strong><em>Κεχννέ·</em></strong></span> 
     </span>
     <span class='ocr_line' id='line_1_11' title="bbox 270 1748 1462 1835; baseline -0.002 -19"><span class='ocrx_word' id='word_1_75' title='bbox 270 1773 332 1828; x_wconf 88' lang='grc' dir='ltr'><strong><em>τα,</em></strong></span> <span class='ocrx_word' id='word_1_76' title='bbox 352 1750 525 1827; x_wconf 85' lang='grc' dir='ltr'><strong><em>δεδοικέτα,</em></strong></span> <span class='ocrx_word' id='word_1_77' title='bbox 549 1751 705 1828; x_wconf 75' lang='grc' dir='ltr'><strong><em>έτκκέτα,</em></strong></span> <span class='ocrx_word' id='word_1_78' title='bbox 730 1748 916 1831; x_wconf 76' lang='grc' dir='ltr'><strong><em>βεβηκέτω,</em></strong></span> <span class='ocrx_word' id='word_1_79' title='bbox 938 1749 1060 1816; x_wconf 78' lang='grc' dir='ltr'><strong><em>ἐοικέτω</em></strong></span> <span class='ocrx_word' id='word_1_80' title='bbox 1087 1756 1148 1814; x_wconf 82' lang='lat' dir='ltr'>uel.</span> <span class='ocrx_word' id='word_1_81' title='bbox 1173 1756 1238 1814; x_wconf 85' lang='lat' dir='ltr'>tam</span> <span class='ocrx_word' id='word_1_82' title='bbox 1264 1769 1362 1835; x_wconf 80' lang='lat' dir='ltr'>praua</span> <span class='ocrx_word' id='word_1_83' title='bbox 1385 1755 1462 1815; x_wconf 78' lang='lat' dir='ltr'>sunt</span> 
     </span>
     <span class='ocr_line' id='line_1_12' title="bbox 270 1853 1461 1942; baseline 0.001 -23"><span class='ocrx_word' id='word_1_84' title='bbox 270 1861 367 1940; x_wconf 88' lang='lat' dir='ltr'>atque</span> <span class='ocrx_word' id='word_1_85' title='bbox 390 1857 418 1922; x_wconf 91' lang='lat' dir='ltr'>si</span> <span class='ocrx_word' id='word_1_86' title='bbox 445 1857 517 1942; x_wconf 88' lang='lat' dir='ltr'>quis</span> <span class='ocrx_word' id='word_1_87' title='bbox 541 1876 599 1942; x_wconf 92' lang='lat' dir='ltr'>pro</span> <span class='ocrx_word' id='word_1_88' title='bbox 620 1855 743 1933; x_wconf 73' lang='grc' dir='ltr'><strong><em>λεξάτα</em></strong></span> <span class='ocrx_word' id='word_1_89' title='bbox 767 1863 824 1922; x_wconf 91' lang='lat' dir='ltr'>aut</span> <span class='ocrx_word' id='word_1_90' title='bbox 845 1854 983 1937; x_wconf 74' lang='grc' dir='ltr'><strong><em>άρήξατε</em></strong></span> <span class='ocrx_word' id='word_1_91' title='bbox 1007 1853 1099 1920; x_wconf 85' lang='lat' dir='ltr'>vellet</span> <span class='ocrx_word' id='word_1_92' title='bbox 1124 1853 1241 1932; x_wconf 74' lang='grc' dir='ltr'><strong><em>λεξέτα</em></strong></span> <span class='ocrx_word' id='word_1_93' title='bbox 1269 1854 1375 1922; x_wconf 85' lang='lat' dir='ltr'>dicere</span> <span class='ocrx_word' id='word_1_94' title='bbox 1404 1861 1461 1920; x_wconf 93' lang='lat' dir='ltr'>aut</span> 
     </span>
     <span class='ocr_line' id='line_1_13' title="bbox 270 1957 1461 2048; baseline -0.001 -23"><span class='ocrx_word' id='word_1_95' title='bbox 270 1957 411 2040; x_wconf 76' lang='grc' dir='ltr'><strong><em>άράξετε.</em></strong></span> <span class='ocrx_word' id='word_1_96' title='bbox 460 1959 553 2048; x_wconf 85' lang='lat' dir='ltr'>dpud</span> <span class='ocrx_word' id='word_1_97' title='bbox 582 1961 754 2028; x_wconf 87' lang='lat' dir='ltr'>Graeculos</span> <span class='ocrx_word' id='word_1_98' title='bbox 777 1962 872 2027; x_wconf 84' lang='lat' dir='ltr'>dctae</span> <span class='ocrx_word' id='word_1_99' title='bbox 894 1968 972 2026; x_wconf 89' lang='lat' dir='ltr'>suot</span> <span class='ocrx_word' id='word_1_100' title='bbox 995 1959 1136 2035; x_wconf 81' lang='lat' dir='ltr'>formae,</span> <span class='ocrx_word' id='word_1_101' title='bbox 1157 1979 1236 2045; x_wconf 90' lang='lat' dir='ltr'>quas</span> <span class='ocrx_word' id='word_1_102' title='bbox 1261 1960 1353 2045; x_wconf 91' lang='lat' dir='ltr'>pueri</span> <span class='ocrx_word' id='word_1_103' title='bbox 1376 1959 1461 2026; x_wconf 87' lang='lat' dir='ltr'>didi-</span> 
     </span>
     <span class='ocr_line' id='line_1_14' title="bbox 271 2063 1460 2151; baseline 0 -21"><span class='ocrx_word' id='word_1_104' title='bbox 271 2065 398 2142; x_wconf 87' lang='lat' dir='ltr'>oimus,</span> <span class='ocrx_word' id='word_1_105' title='bbox 417 2065 556 2151; x_wconf 84' lang='grc' dir='ltr'><strong><em>τέτοφε,</em></strong></span> <span class='ocrx_word' id='word_1_106' title='bbox 576 2066 739 2151; x_wconf 81' lang='grc' dir='ltr'><strong><em>τετοφέτα</em></strong></span> <span class='ocrx_word' id='word_1_107' title='bbox 758 2069 824 2134; x_wconf 81' lang='grc' dir='ltr'><strong><em>κτὲ.</em></strong></span> <span class='ocrx_word' id='word_1_108' title='bbox 848 2067 925 2132; x_wconf 87' lang='lat' dir='ltr'>binc</span> <span class='ocrx_word' id='word_1_109' title='bbox 946 2065 1031 2134; x_wconf 86' lang='lat' dir='ltr'>labes</span> <span class='ocrx_word' id='word_1_110' title='bbox 1054 2063 1172 2130; x_wconf 78' lang='lat' dir='ltr'>Atticos</span> <span class='ocrx_word' id='word_1_111' title='bbox 1192 2063 1313 2130; x_wconf 82' lang='lat' dir='ltr'>iniecit.</span> <span class='ocrx_word' id='word_1_112' title='bbox 1337 2065 1374 2130; x_wconf 91' lang='lat' dir='ltr'>lu</span> <span class='ocrx_word' id='word_1_113' title='bbox 1388 2065 1460 2132; x_wconf 84' lang='lat' dir='ltr'>Vea-</span> 
     </span>
     <span class='ocr_line' id='line_1_15' title="bbox 267 2168 498 2255; baseline 0.026 -23"><span class='ocrx_word' id='word_1_114' title='bbox 267 2168 318 2255; x_wconf 83' lang='lat' dir='ltr'>pia</span> <span class='ocrx_word' id='word_1_115' title='bbox 340 2189 387 2235; x_wconf 81' lang='lat' dir='ltr'>rs.</span> <span class='ocrx_word' id='word_1_116' title='bbox 408 2176 498 2238; x_wconf 79' lang='lat'><strong>415:</strong></span> 
     </span>
     <span class='ocr_line' id='line_1_16' title="bbox 362 2272 1314 2360; baseline 0.001 -19"><span class='ocrx_word' id='word_1_117' title='bbox 362 2272 491 2356; x_wconf 72' lang='grc' dir='ltr'><strong><em>ὦγαθοί,</em></strong></span> <span class='ocrx_word' id='word_1_118' title='bbox 513 2279 549 2344; x_wconf 76' lang='grc' dir='ltr'><strong><em>τὸ</em></strong></span> <span class='ocrx_word' id='word_1_119' title='bbox 568 2281 694 2360; x_wconf 66' lang='grc' dir='ltr'><strong><em>πράγςί</em></strong></span> <span class='ocrx_word' id='word_1_120' title='bbox 716 2279 879 2354; x_wconf 88' lang='grc' dir='ltr'><strong><em>άκοάσατ’,</em></strong></span> <span class='ocrx_word' id='word_1_121' title='bbox 902 2277 994 2343; x_wconf 76' lang='grc' dir='ltr'><strong><em>άλλά</em></strong></span> <span class='ocrx_word' id='word_1_122' title='bbox 1010 2278 1054 2357; x_wconf 67' lang='grc' dir='ltr'>μὴ</span> <span class='ocrx_word' id='word_1_123' title='bbox 1079 2273 1314 2358; x_wconf 78' lang='grc' dir='ltr'><strong><em>κεκράγετε,</em></strong></span> 
     </span>
     <span class='ocr_line' id='line_1_17' title="bbox 270 2379 1455 2471; baseline 0.005 -29"><span class='ocrx_word' id='word_1_124' title='bbox 270 2383 458 2466; x_wconf 87' lang='lat' dir='ltr'>nuperrime</span> <span class='ocrx_word' id='word_1_125' title='bbox 479 2382 610 2450; x_wconf 91' lang='lat' dir='ltr'>demum</span> <span class='ocrx_word' id='word_1_126' title='bbox 641 2392 771 2471; x_wconf 84' lang='lat' dir='ltr'>recepta</span> <span class='ocrx_word' id='word_1_127' title='bbox 792 2392 841 2450; x_wconf 87' lang='lat' dir='ltr'>est</span> <span class='ocrx_word' id='word_1_128' title='bbox 865 2384 1027 2470; x_wconf 86' lang='lat' dir='ltr'>scriptura</span> <span class='ocrx_word' id='word_1_129' title='bbox 1051 2381 1170 2448; x_wconf 87' lang='lat' dir='ltr'>codicis</span> <span class='ocrx_word' id='word_1_130' title='bbox 1197 2379 1384 2446; x_wconf 76' lang='lat' dir='ltr'>Rauennatis</span> <span class='ocrx_word' id='word_1_131' title='bbox 1406 2406 1455 2448; x_wconf 90' lang='grc' dir='ltr'><strong><em>κε-</em></strong></span> 
     </span>
     <span class='ocr_line' id='line_1_18' title="bbox 268 2483 1380 2574; baseline 0.004 -26"><span class='ocrx_word' id='word_1_132' title='bbox 268 2483 424 2566; x_wconf 76' lang='grc' dir='ltr'><strong><em>κράγατε.</em></strong></span> <span class='ocrx_word' id='word_1_133' title='bbox 471 2486 507 2551; x_wconf 87' lang='lat' dir='ltr'>ln</span> <span class='ocrx_word' id='word_1_134' title='bbox 525 2487 778 2554; x_wconf 81' lang='lat' dir='ltr'>Acbomaosibao</span> <span class='ocrx_word' id='word_1_135' title='bbox 796 2509 844 2555; x_wconf 84' lang='lat' dir='ltr'>rs.</span> <span class='ocrx_word' id='word_1_136' title='bbox 868 2493 932 2554; x_wconf 75' lang='lat'>153</span> <span class='ocrx_word' id='word_1_137' title='bbox 954 2487 1083 2574; x_wconf 80' lang='lat' dir='ltr'>uulgata</span> <span class='ocrx_word' id='word_1_138' title='bbox 1106 2487 1266 2572; x_wconf 86' lang='lat' dir='ltr'>scriptura</span> <span class='ocrx_word' id='word_1_139' title='bbox 1287 2495 1380 2554; x_wconf 84' lang='lat' dir='ltr'>erat:</span> 
     </span>
     <span class='ocr_line' id='line_1_19' title="bbox 519 2591 1199 2674; baseline 0 -18"><span class='ocrx_word' id='word_1_140' title='bbox 519 2594 608 2670; x_wconf 82' lang='grc' dir='ltr'><strong><em>ὑμεῖς</em></strong></span> <span class='ocrx_word' id='word_1_141' title='bbox 627 2593 661 2657; x_wconf 78' lang='grc' dir='ltr'>δέ</span> <span class='ocrx_word' id='word_1_142' title='bbox 679 2594 887 2674; x_wconf 72' lang='grc' dir='ltr'><strong><em>πρεσβεύεσθε</em></strong></span> <span class='ocrx_word' id='word_1_143' title='bbox 909 2591 962 2657; x_wconf 79' lang='grc' dir='ltr'>καὶ</span> <span class='ocrx_word' id='word_1_144' title='bbox 986 2617 1030 2658; x_wconf 87' lang='grc' dir='ltr'><strong><em>κε</em></strong></span> <span class='ocrx_word' id='word_1_145' title='bbox 1035 2594 1199 2672; x_wconf 73' lang='grc' dir='ltr'><strong><em>χάνατε,</em></strong></span> 
     </span>
     <span class='ocr_line' id='line_1_20' title="bbox 269 2694 1458 2782; baseline 0.007 -26"><span class='ocrx_word' id='word_1_146' title='bbox 269 2709 374 2776; x_wconf 89' lang='lat' dir='ltr'>quum</span> <span class='ocrx_word' id='word_1_147' title='bbox 409 2694 580 2762; x_wconf 82' lang='lat' dir='ltr'>Ecuscrms</span> <span class='ocrx_word' id='word_1_148' title='bbox 610 2715 779 2782; x_wconf 80' lang='lat' dir='ltr'>perperam</span> <span class='ocrx_word' id='word_1_149' title='bbox 811 2699 963 2777; x_wconf 75' lang='grc' dir='ltr'><strong><em>κεχήνετε</em></strong></span> <span class='ocrx_word' id='word_1_150' title='bbox 994 2697 1116 2781; x_wconf 85' lang='lat' dir='ltr'>recepit</span> <span class='ocrx_word' id='word_1_151' title='bbox 1146 2694 1245 2780; x_wconf 89' lang='lat' dir='ltr'>idque</span> <span class='ocrx_word' id='word_1_152' title='bbox 1278 2715 1380 2781; x_wconf 86' lang='lat' dir='ltr'>usque</span> <span class='ocrx_word' id='word_1_153' title='bbox 1417 2697 1458 2764; x_wconf 91' lang='lat' dir='ltr'>ad</span> 
     </span>
     <span class='ocr_line' id='line_1_21' title="bbox 270 2794 1459 2875; baseline 0.004 -15"><span class='ocrx_word' id='word_1_154' title='bbox 270 2794 428 2865; x_wconf 72' lang='lat' dir='ltr'>Bracarum</span> <span class='ocrx_word' id='word_1_155' title='bbox 458 2799 660 2866; x_wconf 76' lang='lat' dir='ltr'>inveteravit.</span> <span class='ocrx_word' id='word_1_156' title='bbox 683 2843 686 2848; x_wconf 95' lang='lat'>-</span> <span class='ocrx_word' id='word_1_157' title='bbox 717 2799 886 2875; x_wconf 72' lang='lat' dir='ltr'>Nesciebat</span> <span class='ocrx_word' id='word_1_158' title='bbox 913 2800 1125 2866; x_wconf 84' lang='lat' dir='ltr'>haecomnia</span> <span class='ocrx_word' id='word_1_159' title='bbox 1150 2799 1298 2867; x_wconf 74' lang='lat' dir='ltr'>Luciacus</span> <span class='ocrx_word' id='word_1_160' title='bbox 1329 2807 1359 2868; x_wconf 89' lang='lat' dir='ltr'>el</span> <span class='ocrx_word' id='word_1_161' title='bbox 1384 2821 1459 2871; x_wconf 88' lang='lat' dir='ltr'>cum</span> 
     </span>
     <span class='ocr_line' id='line_1_22' title="bbox 270 2901 1460 2994; baseline 0.007 -28"><span class='ocrx_word' id='word_1_162' title='bbox 270 2901 458 2988; x_wconf 86' lang='lat' dir='ltr'>aequalibus</span> <span class='ocrx_word' id='word_1_163' title='bbox 479 2903 581 2971; x_wconf 88' lang='lat' dir='ltr'>oredo&#39;</span> <span class='ocrx_word' id='word_1_164' title='bbox 598 2904 748 2971; x_wconf 90' lang='lat' dir='ltr'>omnibus</span> <span class='ocrx_word' id='word_1_165' title='bbox 771 2905 898 2972; x_wconf 86' lang='lat' dir='ltr'>errabat</span> <span class='ocrx_word' id='word_1_166' title='bbox 922 2903 1119 2990; x_wconf 76' lang='lat' dir='ltr'>dederatque</span> <span class='ocrx_word' id='word_1_167' title='bbox 1135 2903 1317 2982; x_wconf 78' lang='grc' dir='ltr'><strong><em>άιανκοέτο,</em></strong></span> <span class='ocrx_word' id='word_1_168' title='bbox 1338 2905 1372 2972; x_wconf 89' lang='lat' dir='ltr'>iu</span> <span class='ocrx_word' id='word_1_169' title='bbox 1394 2927 1460 2994; x_wconf 88' lang='lat' dir='ltr'>qua</span> 
     </span>
     <span class='ocr_line' id='line_1_23' title="bbox 270 3003 1459 3094; baseline 0.008 -24"><span class='ocrx_word' id='word_1_170' title='bbox 270 3003 375 3072; x_wconf 87' lang='lat' dir='ltr'>lorma</span> <span class='ocrx_word' id='word_1_171' title='bbox 397 3007 586 3094; x_wconf 82' lang='lat' dir='ltr'>gliscentem</span> <span class='ocrx_word' id='word_1_172' title='bbox 619 3011 653 3074; x_wconf 91' lang='lat' dir='ltr'>in</span> <span class='ocrx_word' id='word_1_173' title='bbox 678 3010 842 3076; x_wconf 76' lang='lat' dir='ltr'>codicibus</span> <span class='ocrx_word' id='word_1_174' title='bbox 865 3009 968 3076; x_wconf 81' lang='lat' dir='ltr'>labam</span> <span class='ocrx_word' id='word_1_175' title='bbox 998 3016 1030 3076; x_wconf 87' lang='lat' dir='ltr'>ct</span> <span class='ocrx_word' id='word_1_176' title='bbox 1053 3016 1278 3076; x_wconf 77' lang='lat' dir='ltr'>correctorum·</span> <span class='ocrx_word' id='word_1_177' title='bbox 1297 3011 1459 3079; x_wconf 85' lang='lat' dir='ltr'>temerita-</span> 
     </span>
     <span class='ocr_line' id='line_1_24' title="bbox 267 3115 931 3202; baseline 0.003 -25"><span class='ocrx_word' id='word_1_178' title='bbox 267 3119 334 3178; x_wconf 85' lang='lat' dir='ltr'>tem</span> <span class='ocrx_word' id='word_1_179' title='bbox 360 3122 409 3178; x_wconf 84' lang='lat' dir='ltr'>est</span> <span class='ocrx_word' id='word_1_180' title='bbox 428 3133 544 3201; x_wconf 86' lang='lat' dir='ltr'>operae</span> <span class='ocrx_word' id='word_1_181' title='bbox 565 3115 705 3202; x_wconf 91' lang='lat' dir='ltr'>pretium</span> <span class='ocrx_word' id='word_1_182' title='bbox 728 3135 931 3201; x_wconf 80' lang='lat' dir='ltr'>cognoscere.</span> 
     </span>
    </p>

    <p class='ocr_par' dir='ltr' id='par_1_4' title="bbox 263 3217 1512 4780">
     <span class='ocr_line' id='line_1_25' title="bbox 313 3217 1457 3304; baseline 0.006 -21"><span class='ocrx_word' id='word_1_183' title='bbox 313 3217 417 3298; x_wconf 82' lang='lat' dir='ltr'>Quam</span> <span class='ocrx_word' id='word_1_184' title='bbox 442 3220 557 3287; x_wconf 83' lang='lat' dir='ltr'>vitiose</span> <span class='ocrx_word' id='word_1_185' title='bbox 576 3220 684 3288; x_wconf 87' lang='lat' dir='ltr'>editur</span> <span class='ocrx_word' id='word_1_186' title='bbox 706 3223 771 3296; x_wconf 78' lang='grc'>66,</span> <span class='ocrx_word' id='word_1_187' title='bbox 799 3224 853 3290; x_wconf 73' lang='lat' dir='ltr'>sl.</span> <span class='ocrx_word' id='word_1_188' title='bbox 887 3219 984 3295; x_wconf 71' lang='grc' dir='ltr'><strong><em>οὐδεὶς</em></strong></span> <span class='ocrx_word' id='word_1_189' title='bbox 1007 3219 1072 3302; x_wconf 69' lang='grc' dir='ltr'>γάρ</span> <span class='ocrx_word' id='word_1_190' title='bbox 1095 3220 1110 3286; x_wconf 84' lang='grc' dir='ltr'><strong><em>θ</em></strong></span> <span class='ocrx_word' id='word_1_191' title='bbox 1138 3220 1457 3304; x_wconf 76' lang='grc' dir='ltr'><strong><em>ε’ναντιαθκοθριε-</em></strong></span> 
     </span>
     <span class='ocr_line' id='line_1_26' title="bbox 266 3322 1458 3413; baseline 0.006 -25"><span class='ocrx_word' id='word_1_192' title='bbox 266 3346 328 3398; x_wconf 87' lang='grc' dir='ltr'>νος</span> <span class='ocrx_word' id='word_1_193' title='bbox 350 3327 424 3404; x_wconf 74' lang='grc' dir='ltr'><strong><em>ὑμῖν</em></strong></span> <span class='ocrx_word' id='word_1_194' title='bbox 447 3326 491 3391; x_wconf 85' lang='grc' dir='ltr'><strong><em>τά</em></strong></span> <span class='ocrx_word' id='word_1_195' title='bbox 508 3322 617 3403; x_wconf 72' lang='lat' dir='ltr'>data,</span> <span class='ocrx_word' id='word_1_196' title='bbox 633 3345 730 3413; x_wconf 89' lang='lat' dir='ltr'>quam</span> <span class='ocrx_word' id='word_1_197' title='bbox 750 3346 848 3413; x_wconf 91' lang='lat' dir='ltr'>prope</span> <span class='ocrx_word' id='word_1_198' title='bbox 866 3326 957 3393; x_wconf 86' lang='lat' dir='ltr'>abest</span> <span class='ocrx_word' id='word_1_199' title='bbox 969 3345 1046 3392; x_wconf 83' lang='lat' dir='ltr'>vera</span> <span class='ocrx_word' id='word_1_200' title='bbox 1075 3324 1170 3392; x_wconf 82' lang='lat' dir='ltr'>lectio</span> <span class='ocrx_word' id='word_1_201' title='bbox 1186 3326 1319 3395; x_wconf 78' lang='grc' dir='ltr'><strong><em>σ’ναντθα</em></strong></span> <span class='ocrx_word' id='word_1_202' title='bbox 1330 3328 1403 3406; x_wconf 81' lang='grc' dir='ltr'><strong><em>θνσθ</em></strong></span> <span class='ocrx_word' id='word_1_203' title='bbox 1446 3365 1458 3382; x_wconf 84' lang='grc'>-</span> 
     </span>
     <span class='ocr_line' id='line_1_27' title="bbox 269 3429 1459 3519; baseline 0.008 -26"><span class='ocrx_word' id='word_1_204' title='bbox 269 3453 328 3504; x_wconf 87' lang='grc' dir='ltr'>νος.</span> <span class='ocrx_word' id='word_1_205' title='bbox 375 3431 412 3496; x_wconf 89' lang='lat' dir='ltr'>ln</span> <span class='ocrx_word' id='word_1_206' title='bbox 436 3429 545 3497; x_wconf 83' lang='lat' dir='ltr'>eodem</span> <span class='ocrx_word' id='word_1_207' title='bbox 568 3430 638 3497; x_wconf 88' lang='lat' dir='ltr'>luco</span> <span class='ocrx_word' id='word_1_208' title='bbox 654 3449 712 3519; x_wconf 81' lang='lat' dir='ltr'>pro</span> <span class='ocrx_word' id='word_1_209' title='bbox 733 3429 947 3510; x_wconf 73' lang='grc' dir='ltr'><strong><em>ἐπιβάντες</em></strong></span> <span class='ocrx_word' id='word_1_210' title='bbox 970 3431 1021 3497; x_wconf 73' lang='grc' dir='ltr'>ἐπὶ</span> <span class='ocrx_word' id='word_1_211' title='bbox 1042 3431 1104 3504; x_wconf 80' lang='grc' dir='ltr'><strong><em>τάς</em></strong></span> <span class='ocrx_word' id='word_1_212' title='bbox 1125 3432 1252 3512; x_wconf 70' lang='grc' dir='ltr'><strong><em>τριήρεις</em></strong></span> <span class='ocrx_word' id='word_1_213' title='bbox 1273 3451 1385 3500; x_wconf 83' lang='lat' dir='ltr'>verum</span> <span class='ocrx_word' id='word_1_214' title='bbox 1410 3443 1459 3502; x_wconf 80' lang='lat' dir='ltr'>est</span> 
     </span>
     <span class='ocr_line' id='line_1_28' title="bbox 266 3533 1457 3622; baseline 0.004 -24"><span class='ocrx_word' id='word_1_215' title='bbox 266 3533 427 3614; x_wconf 73' lang='grc' dir='ltr'><strong><em>ἐμβάντες</em></strong></span> <span class='ocrx_word' id='word_1_216' title='bbox 452 3537 483 3609; x_wconf 77' lang='grc' dir='ltr'>ἐς</span> <span class='ocrx_word' id='word_1_217' title='bbox 503 3535 563 3610; x_wconf 84' lang='grc' dir='ltr'><strong><em>τάς</em></strong></span> <span class='ocrx_word' id='word_1_218' title='bbox 587 3539 714 3618; x_wconf 73' lang='grc' dir='ltr'><strong><em>τριήρεις</em></strong></span> <span class='ocrx_word' id='word_1_219' title='bbox 737 3556 810 3602; x_wconf 75' lang='lat' dir='ltr'>mox</span> <span class='ocrx_word' id='word_1_220' title='bbox 834 3539 870 3600; x_wconf 87' lang='lat' dir='ltr'>in</span> <span class='ocrx_word' id='word_1_221' title='bbox 891 3537 941 3602; x_wconf 86' lang='grc' dir='ltr'><strong><em>τθο</em></strong></span> <span class='ocrx_word' id='word_1_222' title='bbox 960 3543 1060 3604; x_wconf 64' lang='lat' dir='ltr'>moola</span> <span class='ocrx_word' id='word_1_223' title='bbox 1084 3536 1191 3618; x_wconf 78' lang='grc' dir='ltr'><strong><em>διαρκῆ</em></strong></span> <span class='ocrx_word' id='word_1_224' title='bbox 1211 3555 1357 3622; x_wconf 72' lang='lat' dir='ltr'>expungo</span> <span class='ocrx_word' id='word_1_225' title='bbox 1380 3541 1457 3604; x_wconf 78' lang='lat' dir='ltr'>arti·</span> 
     </span>
     <span class='ocr_line' id='line_1_29' title="bbox 267 3639 1457 3726; baseline 0.005 -22"><span class='ocrx_word' id='word_1_226' title='bbox 267 3640 379 3706; x_wconf 85' lang='lat' dir='ltr'>culum</span> <span class='ocrx_word' id='word_1_227' title='bbox 401 3648 432 3707; x_wconf 87' lang='lat' dir='ltr'>ei</span> <span class='ocrx_word' id='word_1_228' title='bbox 457 3643 489 3706; x_wconf 89' lang='lat' dir='ltr'>in</span> <span class='ocrx_word' id='word_1_229' title='bbox 516 3642 577 3714; x_wconf 79' lang='grc' dir='ltr'><strong><em>τάς</em></strong></span> <span class='ocrx_word' id='word_1_230' title='bbox 601 3641 738 3716; x_wconf 72' lang='grc' dir='ltr'><strong><em>πόλεις</em></strong></span> <span class='ocrx_word' id='word_1_231' title='bbox 760 3642 940 3721; x_wconf 77' lang='grc' dir='ltr'><strong><em>άτειχέςοος</em></strong></span> <span class='ocrx_word' id='word_1_232' title='bbox 962 3641 1118 3721; x_wconf 76' lang='grc' dir='ltr'><strong><em>λαβόντες</em></strong></span> <span class='ocrx_word' id='word_1_233' title='bbox 1145 3639 1257 3726; x_wconf 82' lang='lat' dir='ltr'>supple</span> <span class='ocrx_word' id='word_1_234' title='bbox 1276 3642 1457 3722; x_wconf 80' lang='grc' dir='ltr'><strong><em>άτειχθςοος</em></strong></span> 
     </span>
     <span class='ocr_line' id='line_1_30' title="bbox 264 3744 1459 3834; baseline 0.004 -25"><span class='ocrx_word' id='word_1_235' title='bbox 264 3744 361 3819; x_wconf 88' lang='grc' dir='ltr'><strong><em>οὑσας</em></strong></span> <span class='ocrx_word' id='word_1_236' title='bbox 375 3747 599 3831; x_wconf 81' lang='lat' dir='ltr'>:insequenti</span> <span class='ocrx_word' id='word_1_237' title='bbox 619 3744 792 3834; x_wconf 65' lang='lat' dir='ltr'>§inemec</span> <span class='ocrx_word' id='word_1_238' title='bbox 812 3745 913 3826; x_wconf 77' lang='grc' dir='ltr'><strong><em>ἐκάτςε</em></strong></span> <span class='ocrx_word' id='word_1_239' title='bbox 922 3745 998 3812; x_wconf 79' lang='grc' dir='ltr'><strong><em>ἔθνει</em></strong></span> <span class='ocrx_word' id='word_1_240' title='bbox 1021 3746 1330 3826; x_wconf 78' lang='grc' dir='ltr'><strong><em>ἐπεισαχθέντες</em></strong></span> <span class='ocrx_word' id='word_1_241' title='bbox 1357 3749 1459 3816; x_wconf 84' lang='lat' dir='ltr'>sensit</span> 
     </span>
     <span class='ocr_line' id='line_1_31' title="bbox 264 3849 1457 3937; baseline 0.005 -23"><span class='ocrx_word' id='word_1_242' title='bbox 264 3849 429 3917; x_wconf 80' lang='lat' dir='ltr'>Bruraaus</span> <span class='ocrx_word' id='word_1_243' title='bbox 453 3850 584 3916; x_wconf 84' lang='lat' dir='ltr'>subesse</span> <span class='ocrx_word' id='word_1_244' title='bbox 604 3851 721 3915; x_wconf 88' lang='lat' dir='ltr'>vitium</span> <span class='ocrx_word' id='word_1_245' title='bbox 745 3860 777 3916; x_wconf 90' lang='lat' dir='ltr'>et</span> <span class='ocrx_word' id='word_1_246' title='bbox 808 3849 1033 3931; x_wconf 73' lang='grc' dir='ltr'><strong><em>ἐπιταχθέντες</em></strong></span> <span class='ocrx_word' id='word_1_247' title='bbox 1063 3852 1205 3937; x_wconf 87' lang='lat' dir='ltr'>recepit,</span> <span class='ocrx_word' id='word_1_248' title='bbox 1234 3851 1290 3918; x_wconf 88' lang='lat' dir='ltr'>sed</span> <span class='ocrx_word' id='word_1_249' title='bbox 1321 3871 1384 3918; x_wconf 90' lang='lat' dir='ltr'>non</span> <span class='ocrx_word' id='word_1_250' title='bbox 1412 3854 1457 3920; x_wconf 90' lang='lat' dir='ltr'>ita</span> 
     </span>
     <span class='ocr_line' id='line_1_32' title="bbox 270 3953 1512 4042; baseline 0.006 -22"><span class='ocrx_word' id='word_1_251' title='bbox 270 3954 382 4020; x_wconf 83' lang='lat' dir='ltr'>Graeci</span> <span class='ocrx_word' id='word_1_252' title='bbox 415 3954 593 4041; x_wconf 87' lang='lat' dir='ltr'>loquuntur</span> <span class='ocrx_word' id='word_1_253' title='bbox 623 3956 679 4023; x_wconf 91' lang='lat' dir='ltr'>sed</span> <span class='ocrx_word' id='word_1_254' title='bbox 699 3956 908 4030; x_wconf 74' lang='grc' dir='ltr'><strong><em>ἐπιταθέντες.</em></strong></span> <span class='ocrx_word' id='word_1_255' title='bbox 956 3955 1047 4037; x_wconf 85' lang='lat' dir='ltr'>Quod</span> <span class='ocrx_word' id='word_1_256' title='bbox 1067 3954 1186 4042; x_wconf 75' lang='lat' dir='ltr'>legitur</span> <span class='ocrx_word' id='word_1_257' title='bbox 1208 3961 1247 4035; x_wconf 76' lang='grc' dir='ltr'>ὑ,</span> <span class='ocrx_word' id='word_1_258' title='bbox 1273 3961 1325 4024; x_wconf 76' lang='lat'>56.</span> <span class='ocrx_word' id='word_1_259' title='bbox 1350 3963 1404 4025; x_wconf 90' lang='grc' dir='ltr'>σοῦ</span> <span class='ocrx_word' id='word_1_260' title='bbox 1425 3959 1458 4034; x_wconf 79' lang='grc' dir='ltr'>δὲ</span> <span class='ocrx_word' id='word_1_261' title='bbox 1506 3953 1512 3964; x_wconf 73' lang='grc'><em>’</em></span> 
     </span>
     <span class='ocr_line' id='line_1_33' title="bbox 265 4061 1458 4143; baseline 0.006 -17"><span class='ocrx_word' id='word_1_262' title='bbox 265 4063 364 4127; x_wconf 87' lang='grc' dir='ltr'><strong><em>αὑτοῦ</em></strong></span> <span class='ocrx_word' id='word_1_263' title='bbox 399 4061 493 4143; x_wconf 83' lang='grc' dir='ltr'><strong><em>χάριν</em></strong></span> <span class='ocrx_word' id='word_1_264' title='bbox 517 4079 611 4126; x_wconf 88' lang='lat' dir='ltr'>nemo</span> <span class='ocrx_word' id='word_1_265' title='bbox 630 4062 756 4129; x_wconf 85' lang='lat' dir='ltr'>dicebat</span> <span class='ocrx_word' id='word_1_266' title='bbox 778 4061 834 4128; x_wconf 85' lang='lat' dir='ltr'>sod</span> <span class='ocrx_word' id='word_1_267' title='bbox 857 4063 912 4137; x_wconf 76' lang='grc' dir='ltr'>οὑν</span> <span class='ocrx_word' id='word_1_268' title='bbox 931 4064 958 4129; x_wconf 84' lang='grc' dir='ltr'>δ’</span> <span class='ocrx_word' id='word_1_269' title='bbox 980 4064 1088 4129; x_wconf 88' lang='grc' dir='ltr'><strong><em>αὑτοῦ.</em></strong></span> <span class='ocrx_word' id='word_1_270' title='bbox 1135 4061 1170 4128; x_wconf 82' lang='grc'>111</span> <span class='ocrx_word' id='word_1_271' title='bbox 1192 4067 1235 4140; x_wconf 84' lang='grc'>8,</span> <span class='ocrx_word' id='word_1_272' title='bbox 1256 4066 1297 4138; x_wconf 73' lang='lat' dir='ltr'>b,</span> <span class='ocrx_word' id='word_1_273' title='bbox 1322 4067 1352 4130; x_wconf 71' lang='lat' dir='ltr'>b.</span> <span class='ocrx_word' id='word_1_274' title='bbox 1382 4067 1458 4133; x_wconf 88' lang='lat' dir='ltr'>reti·</span> 
     </span>
     <span class='ocr_line' id='line_1_34' title="bbox 266 4166 1457 4257; baseline 0.004 -25"><span class='ocrx_word' id='word_1_275' title='bbox 266 4174 346 4232; x_wconf 86' lang='lat' dir='ltr'>nent</span> <span class='ocrx_word' id='word_1_276' title='bbox 369 4167 486 4232; x_wconf 84' lang='lat' dir='ltr'>vitium</span> <span class='ocrx_word' id='word_1_277' title='bbox 501 4215 510 4243; x_wconf 88' lang='lat'><strong>,</strong></span> <span class='ocrx_word' id='word_1_278' title='bbox 526 4166 612 4252; x_wconf 91' lang='lat' dir='ltr'>quod</span> <span class='ocrx_word' id='word_1_279' title='bbox 633 4167 711 4233; x_wconf 93' lang='lat' dir='ltr'>alibi</span> <span class='ocrx_word' id='word_1_280' title='bbox 733 4168 836 4254; x_wconf 88' lang='lat' dir='ltr'>perite</span> <span class='ocrx_word' id='word_1_281' title='bbox 854 4167 1074 4246; x_wconf 87' lang='lat' dir='ltr'>sustulerunt,</span> <span class='ocrx_word' id='word_1_282' title='bbox 1102 4167 1277 4250; x_wconf 76' lang='grc' dir='ltr'><strong><em>βατράχους</em></strong></span> <span class='ocrx_word' id='word_1_283' title='bbox 1299 4179 1338 4254; x_wconf 69' lang='grc' dir='ltr'><strong><em>τῇ</em></strong></span> <span class='ocrx_word' id='word_1_284' title='bbox 1360 4170 1457 4257; x_wconf 73' lang='grc' dir='ltr'><strong><em>μέτρα</em></strong></span> 
     </span>
     <span class='ocr_line' id='line_1_35' title="bbox 263 4270 1459 4367; baseline 0.006 -31"><span class='ocrx_word' id='word_1_285' title='bbox 263 4272 513 4352; x_wconf 81' lang='grc' dir='ltr'><strong><em>άνειοινμμένος,</em></strong></span> <span class='ocrx_word' id='word_1_286' title='bbox 536 4279 569 4339; x_wconf 88' lang='lat' dir='ltr'>et</span> <span class='ocrx_word' id='word_1_287' title='bbox 590 4270 649 4367; x_wconf 67' lang='lat' dir='ltr'>bic¹</span> <span class='ocrx_word' id='word_1_288' title='bbox 665 4273 863 4352; x_wconf 80' lang='grc' dir='ltr'><strong><em>άνεινιημένος</em></strong></span> <span class='ocrx_word' id='word_1_289' title='bbox 887 4281 956 4339; x_wconf 85' lang='lat' dir='ltr'>erat</span> <span class='ocrx_word' id='word_1_290' title='bbox 980 4273 1206 4340; x_wconf 85' lang='lat' dir='ltr'>revocandum.</span> <span class='ocrx_word' id='word_1_291' title='bbox 1232 4273 1349 4340; x_wconf 87' lang='lat' dir='ltr'>ibidem</span> <span class='ocrx_word' id='word_1_292' title='bbox 1376 4275 1459 4344; x_wconf 93' lang='lat' dir='ltr'>male</span> 
     </span>
     <span class='ocr_line' id='line_1_36' title="bbox 264 4373 1457 4464; baseline 0.004 -25"><span class='ocrx_word' id='word_1_293' title='bbox 264 4373 387 4460; x_wconf 83' lang='lat' dir='ltr'>legitur</span> <span class='ocrx_word' id='word_1_294' title='bbox 407 4377 534 4445; x_wconf 77' lang='grc' dir='ltr'><strong><em>ὑποδέου</em></strong></span> <span class='ocrx_word' id='word_1_295' title='bbox 552 4377 725 4459; x_wconf 72' lang='grc' dir='ltr'><strong><em>χρυσίδας,</em></strong></span> <span class='ocrx_word' id='word_1_296' title='bbox 748 4397 866 4464; x_wconf 89' lang='lat' dir='ltr'>repone</span> <span class='ocrx_word' id='word_1_297' title='bbox 888 4379 1010 4444; x_wconf 82' lang='grc' dir='ltr'><strong><em>ὑποδοῦ.</em></strong></span> <span class='ocrx_word' id='word_1_298' title='bbox 1046 4379 1169 4446; x_wconf 86' lang='lat' dir='ltr'>Passim</span> <span class='ocrx_word' id='word_1_299' title='bbox 1193 4378 1262 4444; x_wconf 85' lang='lat' dir='ltr'>sine</span> <span class='ocrx_word' id='word_1_300' title='bbox 1283 4379 1362 4444; x_wconf 89' lang='lat' dir='ltr'>vitio</span> <span class='ocrx_word' id='word_1_301' title='bbox 1378 4381 1457 4446; x_wconf 90' lang='lat' dir='ltr'>scri·</span> 
     </span>
     <span class='ocr_line' id='line_1_37' title="bbox 264 4475 1456 4563; baseline 0.008 -22"><span class='ocrx_word' id='word_1_302' title='bbox 264 4475 356 4545; x_wconf 88' lang='lat' dir='ltr'>bitur</span> <span class='ocrx_word' id='word_1_303' title='bbox 372 4481 595 4562; x_wconf 81' lang='grc' dir='ltr'><strong><em>άναδοὺραενος,</em></strong></span> <span class='ocrx_word' id='word_1_304' title='bbox 618 4483 834 4563; x_wconf 78' lang='grc' dir='ltr'><strong><em>διαδούμενος,</em></strong></span> <span class='ocrx_word' id='word_1_305' title='bbox 856 4485 1049 4550; x_wconf 71' lang='grc' dir='ltr'><strong><em>ὑποδοῦνται.</em></strong></span> <span class='ocrx_word' id='word_1_306' title='bbox 1074 4481 1180 4549; x_wconf 85' lang='lat' dir='ltr'>Simili</span> <span class='ocrx_word' id='word_1_307' title='bbox 1202 4481 1295 4550; x_wconf 89' lang='lat' dir='ltr'>modo</span> <span class='ocrx_word' id='word_1_308' title='bbox 1319 4488 1381 4558; x_wconf 76' lang='lat'>55,</span> <span class='ocrx_word' id='word_1_309' title='bbox 1405 4488 1456 4550; x_wconf 87' lang='grc'>18.</span> 
     </span>
     <span class='ocr_line' id='line_1_38' title="bbox 265 4586 1457 4674; baseline 0.002 -23"><span class='ocrx_word' id='word_1_310' title='bbox 265 4600 325 4666; x_wconf 83' lang='lat' dir='ltr'>pro</span> <span class='ocrx_word' id='word_1_311' title='bbox 357 4589 566 4669; x_wconf 88' lang='grc' dir='ltr'><strong><em>περιδέοντες,</em></strong></span> <span class='ocrx_word' id='word_1_312' title='bbox 600 4586 741 4654; x_wconf 86' lang='lat' dir='ltr'>rescribe</span> <span class='ocrx_word' id='word_1_313' title='bbox 782 4590 995 4671; x_wconf 64' lang='lat' dir='ltr'>areptitium,</span> <span class='ocrx_word' id='word_1_314' title='bbox 1022 4591 1086 4662; x_wconf 74' lang='lat' dir='ltr'>lb,</span> <span class='ocrx_word' id='word_1_315' title='bbox 1116 4592 1169 4654; x_wconf 79' lang='lat'>58.</span> <span class='ocrx_word' id='word_1_316' title='bbox 1204 4587 1365 4669; x_wconf 88' lang='grc' dir='ltr'><strong><em>προοδοῦοι</em></strong></span> <span class='ocrx_word' id='word_1_317' title='bbox 1400 4606 1457 4674; x_wconf 90' lang='lat' dir='ltr'>pro</span> 
     </span>
     <span class='ocr_line' id='line_1_39' title="bbox 267 4691 1454 4780; baseline 0.012 -31"><span class='ocrx_word' id='word_1_318' title='bbox 267 4691 453 4767; x_wconf 87' lang='grc' dir='ltr'><strong><em>προσδέουσι.</em></strong></span> <span class='ocrx_word' id='word_1_319' title='bbox 502 4695 600 4764; x_wconf 81' lang='lat' dir='ltr'>Recte</span> <span class='ocrx_word' id='word_1_320' title='bbox 624 4694 780 4780; x_wconf 78' lang='lat' dir='ltr'>seriptum</span> <span class='ocrx_word' id='word_1_321' title='bbox 803 4703 852 4761; x_wconf 85' lang='lat' dir='ltr'>est</span> <span class='ocrx_word' id='word_1_322' title='bbox 873 4693 1035 4759; x_wconf 86' lang='grc' dir='ltr'><strong><em>άνκδοῦντι</em></strong></span> <span class='ocrx_word' id='word_1_323' title='bbox 1060 4701 1089 4760; x_wconf 82' lang='lat' dir='ltr'>et</span> <span class='ocrx_word' id='word_1_324' title='bbox 1122 4693 1303 4760; x_wconf 87' lang='grc' dir='ltr'><strong><em>ὑποδοῦνται</em></strong></span> <span class='ocrx_word' id='word_1_325' title='bbox 1326 4697 1389 4770; x_wconf 70' lang='lat' dir='ltr'>ob,</span> <span class='ocrx_word' id='word_1_326' title='bbox 1416 4699 1454 4764; x_wconf 86' lang='lat' dir='ltr'>lt</span> 
     </span>
    </p>
   </div>
   <div class='ocr_carea' id='block_1_4' title="bbox 0 0 1888 5717">
    <p class='ocr_par' dir='ltr' id='par_1_5' title="bbox 0 0 1888 5717">
     <span class='ocr_line' id='line_1_40' title="bbox 0 0 1888 5717; baseline 0 3"><span class='ocrx_word' id='word_1_327' title='bbox 0 0 1888 5717; x_wconf 95' lang='lat' dir='ltr'> </span> 
     </span>
    </p>
   </div>
  </div>
 </body>
</html>
