3767 5717
883 647 1042 744 εν,

293 824 458 891 ·llditores
488 831 610 890 certam
643 819 823 907 analogiam
854 821 1046 886 auctoritate
1079 825 1246 905 poetarum
1277 818 1435 885 nrunitam
1462 821 1495 884 et

308 929 602 996 Grammaticorum
622 928 817 994 testimoniis
848 925 1082 994 confirmatam.
1131 923 1212 1006 Quia
1235 923 1275 990 ad
1295 925 1495 992 Paurancnurr

309 1034 499 1101 devenimus
522 1034 619 1100 buius
646 1032 698 1099 rai
713 1031 858 1119 exempla
877 1030 1034 1118 quaedam
1055 1049 1072 1097 e
1095 1029 1211 1096 Vilica
1233 1030 1402 1096 Srnrumsro
1429 1026 1494 1095 edi·

307 1141 350 1205 tis
374 1139 566 1206 adscribam.
613 1139 649 1204 ln
675 1137 792 1202 Tbcaco
815 1159 842 1204 c.
860 1142 913 1204 56.
938 1143 1169 1204 commemorat
1187 1135 1360 1202 Ποσειδῶνα
1380 1153 1494 1219 cogno·

307 1245 396 1310 mine
418 1244 612 1327 Ἀσφάλιον,
638 1244 673 1308 in
696 1241 843 1329 Lycurgo
857 1247 910 1308 ti.
932 1241 1040 1324 οἰνορια
1065 1241 1256 1308 Cretensium
1278 1259 1334 1327 pro
1357 1239 1492 1321 detesto.

308 1354 363 1415 bl.
387 1348 606 1432 καθαριότητος
623 1367 683 1435 pro
700 1348 946 1430 καθαρειότητος.
972 1351 1025 1413 28.
1047 1347 1182 1430 κρυπτία
1200 1367 1257 1433 pro
1273 1344 1435 1428 spaoraria.
1457 1343 1493 1409 in

311 1455 436 1519 Cimone
455 1460 485 1520 t.
510 1456 540 1518 ἕν
559 1464 599 1538 τῇ
619 1453 861 1536 Πλυτιαυακτίιρ
879 1460 937 1538 eon
958 1473 1016 1538 pro
1032 1451 1285 1534 Πεισιανακτείῳ.
1298 1452 1331 1516 in
1345 1449 1493 1536 Pompeio

308 1565 361 1625 51.
387 1558 597 1641 Σπαρτακίοις
627 1578 685 1644 pro
708 1557 947 1640 Σπαρτακείοις.
972 1561 1025 1623 52.
1049 1557 1239 1639 ’Τψικρατία
1262 1575 1321 1643 pro
1342 1552 1492 1637 Ὓψικροί·

307 1689 399 1740 τεια,
432 1667 464 1730 in
489 1663 653 1751 Lysandro
679 1669 729 1729 18.
758 1664 803 1729 τοὶ
825 1662 1004 1744 nostrane
1026 1683 1083 1750 pro
1111 1661 1324 1743 Λυσάνδρεια,
1347 1661 1380 1726 in
1397 1658 1494 1726 Arato

303 1771 360 1835 53.
384 1772 419 1836 τὸ
443 1769 585 1853 ’Λροίτιον
608 1777 705 1854 torpe
734 1768 849 1834 vitium
873 1788 931 1854 pro
956 1769 1134 1853 Ἀροίτειον,
1159 1787 1222 1853 qua
1241 1765 1388 1851 analogia
1411 1762 1492 1830 nibil

298 1881 353 1942 est
377 1876 578 1940 constantius
601 1881 633 1939 et
657 1872 805 1959 pluribus
827 1874 982 1960 exemplis
999 1871 1193 1948 stabilitum,
1217 1880 1254 1937 ut
1276 1871 1319 1938 rol
1337 1871 1492 1950 Κιμώνεια

306 1979 505 2068 (μνήματα),
529 1981 565 2045 τὸ
595 1988 745 2058 Θυτεῖον,
768 1981 915 2058 Aineion,
939 1978 1121 2053 Αἰοίνπειον,
1146 1979 1369 2053 moredano,
1392 1979 1491 2054 Τιαοὲ

303 2076 454 2152 aederent
470 2087 583 2175 (Pam.
612 2085 645 2150 in
680 2084 791 2150 Timet.
814 2082 881 2172 59).
929 2082 1077 2150 Ridicule
1099 2091 1274 2170 peccarunt
1304 2081 1428 2148 librarii
1455 2079 1490 2146 in

303 2190 439 2258 Batauum
462 2191 577 2258 Aoeod.
591 2191 615 2256 I.
640 2211 670 2276 p.
685 2195 769 2268 560,
794 2194 848 2256 10.
870 2189 980 2255 Αἰαίτ
1002 2189 1176 2254 οἰκόντιον
1199 2190 1353 2266 Ἀθήνησι.
1368 2185 1488 2252 καὶτοῦ

302 2297 420 2363 Αἰακοῦ
451 2299 577 2377 τέμενος
604 2314 663 2383 pro
682 2297 847 2362 Αἰακεῖοντ
870 2294 906 2359 τὸ
939 2295 1083 2370 Ἀθιίνιισι
1114 2298 1169 2360 τοῦ
1201 2295 1319 2359 Αἰακοῦ
1349 2292 1487 2372 τέμενος.

304 2400 509 2479 simoninus,
533 2402 589 2488 qui
619 2401 825 2467 haecomnia
849 2398 930 2465 bone
951 2399 1071 2486 scripta
1096 2418 1165 2464 esse
1188 2397 1346 2476 credidit,
1379 2395 1489 2464 sedulo

302 2505 439 2570 formam
470 2515 603 2572 Ndlbtt
635 2507 755 2592 recepit
787 2507 821 2570 in
856 2504 955 2569 Bruto
978 2507 1032 2572 25.
1065 2503 1165 2568 Morio
1187 2507 1239 2569 25.
1275 2502 1408 2569 Leroullo
1429 2506 1490 2579 11,

304 2613 370 2684 nt,
396 2614 450 2675 52.
498 2611 597 2674 lllulto
627 2611 790 2694 antiquior
821 2618 871 2675 est
904 2609 957 2673 bic
981 2609 1049 2693 ipse
1079 2627 1169 2674 error
1198 2609 1232 2673 in
1262 2608 1362 2675 veteri
1393 2604 1489 2672 verbo

301 2712 407 2777 lonico
430 2721 463 2778 et
488 2712 589 2778 Attico
616 2723 731 2778 ΙΛΛΩ
755 2721 788 2778 et
812 2712 999 2799 compositis
1021 2711 1160 2789 ε’ξίκλοι,
1178 2713 1317 2788 artano,
1340 2711 1485 2789 ὑτίιικοι,

303 2824 465 2902 κατίκκα,
489 2825 617 2900 tatano,
641 2822 808 2909 inquibus
832 2841 932 2909 quum
950 2807 969 2890 ἰ
985 2825 1028 2889 sit
1052 2832 1170 2891 natura
1193 2824 1385 2911 productum
1409 2829 1487 2888 nata

299 2934 354 2994 'est
377 2936 408 2994 ct
433 2929 552 3015 passim
572 2929 764 2994 inveteravit
787 2930 948 3016 scriptura
971 2929 1234 3017 etnltttsquod
1254 2925 1487 2995 eiusdemmodi

301 3040 349 3099 est
374 3042 470 3118 atquc
492 3042 625 3098 TetMH
648 3034 697 3100 vel
720 3043 844 3099 Neltffl
869 3034 916 3100 vol
942 3045 1147 3101 nonctTnt
1168 3043 1201 3100 ct
1224 3033 1354 3100 millena
1374 3031 1413 3098 de
1434 3052 1485 3118 ge-

301 3159 379 3205 nere
401 3137 461 3204 boc
484 3139 517 3202 in
543 3140 703 3216 nummis,
737 3139 1023 3226 inscriptionibus,
1058 3140 1223 3208 codicibus
1252 3139 1357 3226 paullo
1381 3146 1487 3204 vetus·

299 3244 453 3314 tionibus.
478 3251 515 3308 ut
536 3245 589 3308 ὑπ’
602 3245 715 3310 ἐκείνου
735 3245 819 3330 apud
840 3245 1080 3312 llrouenllnnrs.
1106 3265 1137 3333 p.
1151 3251 1216 3312 nto
1236 3265 1293 3333 pro
1312 3244 1483 3313 ὑπεκίνουν.

300 3349 361 3416 Pro
382 3348 481 3415 ἰκιειι
509 3347 604 3413 Attici
631 3350 740 3415 minua
762 3358 886 3416 veteres
916 3353 1010 3416 εἰπεῖν
1040 3359 1216 3438 coeperunt
1248 3350 1373 3416 dicere:
1407 3348 1484 3414 binc

298 3453 398 3531 ἰκκοι,
429 3455 522 3520 cinno
550 3456 676 3519 atelani
705 3463 858 3540 perpetuo
882 3454 920 3521 de
952 3454 1020 3522 loco
1052 3463 1197 3542 pugnant
1230 3457 1264 3521 in
1293 3454 1432 3542 simplici
1452 3461 1484 3520 et

299 3560 493 3645 compositis.
540 3559 586 3624 Ea
609 3558 649 3624 lis
674 3581 736 3624 non
758 3558 933 3626 difficulter
955 3561 1000 3626 ite
1028 3562 1183 3646 componi¹
1200 3568 1320 3646 potest,
1346 3567 1383 3625 ut
1406 3558 1483 3625 ἰκιιιι

300 3682 374 3728 curu
396 3665 581 3749 compositis
604 3663 773 3729 addicatur
792 3664 1044 3748 antiquioribus,
1068 3667 1233 3750 aequiores
1254 3667 1326 3730 εἰλῶ
1342 3671 1374 3730 et
1398 3683 1482 3730 oom-

301 3768 401 3852 posita
424 3767 485 3831 sibi
506 3767 664 3841 habeant,
687 3766 826 3854 deniqne
845 3769 984 3835 vitiosae
1000 3789 1124 3835 meroes
1143 3769 1259 3846 clano,
1287 3769 1380 3844 elan,
1404 3767 1480 3844 iace,

298 3871 375 3950 ἔνιοι,
398 3871 479 3936 ἔοικε
501 3871 705 3938 abiiciantur.
753 3872 851 3958 Legat
873 3872 954 3938 mibi
975 3872 1047 3960 quis
1063 3869 1107 3940 ad
1125 3873 1203 3941 baec
1224 3893 1305 3961 quae
1325 3875 1482 3940 Hauseru-

300 3977 597 4042 nosrosllonnrnnro
621 3976 838 4064 suppeditavit
856 3977 1088 4046 adTrunnnuv.
1110 3980 1346 4061 pertentandum
1366 3999 1396 4066 p.
1418 3983 1482 4056 71,

297 4091 327 4148 et
350 4082 546 4147 linunuenrus
572 4083 640 4169 ipse
662 4083 788 4170 collegit
816 4083 856 4148 ad
879 4103 909 4149 v.
933 4085 1114 4152 οἰιείιιλεται
1136 4107 1165 4172 p.
1192 4091 1296 4164 teet
1319 4083 1481 4163 εἰλομένων

296 4207 327 4273 p.
352 4191 414 4261 94,
439 4197 469 4251 et
494 4189 573 4254 satis
594 4209 752 4275 superque
768 4187 896 4255 babebit
914 4189 999 4256 unde
1021 4190 1102 4256 banc
1124 4193 1280 4257 rationem
1301 4189 1480 4257 confirmet.

297 4291 428 4358 Videbis
461 4294 655 4378 scripturam
677 4305 842 4362 atAActN
870 4295 1061 4381 imposuisse
1083 4305 1210 4364 tantum
1233 4318 1293 4363 uon
1315 4295 1480 4371 omnibus

296 4397 351 4463 sed
373 4397 469 4463 iidem
496 4397 581 4463 docti
610 4401 754 4484 Magistri
777 4401 809 4465 in
837 4420 874 4467 ea
900 4421 935 4466 rc
960 4409 1025 4467 tam
1049 4423 1142 4489 saepe
1166 4412 1197 4469 et
1223 4405 1255 4466 in
1280 4400 1385 4466 verbis
1413 4405 1480 4464 tam

295 4503 475 4570 manifestis
502 4505 663 4570 caecutire
695 4504 813 4582 solent,
846 4509 1039 4572 utnemiui
1071 4507 1256 4592 religionem
1292 4502 1396 4568 iacere
1424 4508 1481 4568 aut

297 4609 484 4693 scrupulum
509 4610 641 4676 iniicere
664 4609 809 4676 debeant.
837 4610 924 4676 Unus
945 4611 1115 4677 Hosrcmos
1132 4611 1252 4676 affatim
1270 4608 1358 4675 dabit
1375 4627 1480 4674 exem·

296 4711 441 4798 plorum,
465 4717 517 4781 otti
541 4717 618 4782 εἰδίιο
643 4715 806 4793 ostentato,
830 4714 949 4783 εἰκετο;
974 4715 1083 4796 ἦλθεν,
1106 4717 1293 4800 εἰμείρεταιῑ
1317 4716 1481 4793 ἐπιθυμεῖ,
