3767 5717
828 633 886 696 tot

271 808 402 878 offendit
427 811 459 877 iu
480 809 558 892 ἔφην
581 806 707 888 θροεινον
730 806 907 888 σκέψασθαι
929 806 981 872 τὸν
1006 804 1071 874 Διά
1090 813 1121 871 et
1139 806 1302 876 ἀπειλοῦσι
1324 832 1458 892 uptote·

269 919 442 992 tisorias,
468 916 500 982 in
525 913 549 1003 §
574 919 628 981 55.
653 912 837 982 incontritus
866 909 954 980 dedit
989 909 1138 989 εὔξασθαι
1171 915 1239 980 καθ’
1263 916 1346 994 ὑμῶν
1370 916 1460 982 ἄσει-

265 1029 380 1099 teies,
405 1022 563 1091 Baranans
587 1018 694 1084 nescio
716 1036 779 1102 qna
810 1016 849 1086 de
875 1037 973 1085 neusa
996 1016 1137 1096 edissena
1162 1020 1341 1097 revocavit,
1370 1039 1461 1090 nem·

270 1149 333 1214 qne
358 1128 390 1192 ni
416 1124 548 1214 perinde
572 1143 641 1190 esse
660 1131 801 1209 putasset
821 1143 884 1190 nou
908 1133 975 1190 tam
1000 1143 1094 1209 saepe
1111 1123 1141 1190 id
1164 1124 1279 1192 vitium
1299 1124 1459 1194 intactum

264 1233 463 1319 reliquisset.
496 1228 678 1297 Partioutae
694 1228 733 1294 ἄν
749 1228 838 1296 atiud
858 1228 1038 1315 perieulum
1063 1229 1212 1298 imminet
1233 1249 1251 1296 a
1273 1229 1386 1298 ronuta
1404 1231 1458 1307 δή,

272 1359 355 1425 quae
386 1336 565 1405 sententies
595 1334 629 1399 in
662 1333 780 1401 unciali
814 1335 977 1421 scriptura
1000 1334 1070 1401 eius
1095 1333 1202 1402 sedent
1227 1336 1396 1420 occupavit
1423 1345 1461 1406 ut

271 1446 305 1510 in
331 1448 393 1518 tt),
420 1446 474 1507 64.
504 1439 603 1520 μόνοις
633 1439 696 1521 γαρ
731 1440 774 1516 ii
808 1437 901 1514 οὕτως
932 1441 1085 1521 εὑρεθῆναι
1109 1443 1172 1522 <Dis
1199 1439 1356 1516 ταλιρθέιι
1382 1439 1463 1510 nihil

274 1547 362 1614 alind
386 1555 436 1615 est
458 1546 611 1629 εὑρεθῆναι
634 1565 730 1630 quom
754 1554 912 1629 repertum
935 1565 1019 1622 esse,
1044 1545 1221 1630 requiritur
1243 1545 1376 1630 reperiri
1390 1567 1462 1632 pns-

273 1676 326 1718 εστ
350 1653 449 1732 μόνοις
473 1651 536 1732 γὰρ
563 1648 602 1716 θον
625 1647 729 1725 οὕτως.
777 1650 879 1736 Saepe
899 1649 965 1733 γάρ
995 1649 1074 1720 solet
1105 1657 1292 1737 sequentem
1313 1651 1461 1722 voculam

275 1758 465 1830 ahsorbere,
490 1754 573 1841 quod
597 1762 628 1820 et
657 1755 732 1822 aiibi
767 1773 862 1842 saepe
896 1753 1019 1824 facturn
1047 1762 1095 1822 ost
1122 1763 1155 1820 et
1179 1759 1243 1832 46,
1270 1760 1323 1824 tt.
1356 1757 1464 1844 ipiiee

271 1865 335 1946 γὰρ
360 1863 445 1946 piano
472 1861 631 1929 διαλαθεῖν
662 1880 719 1946 pto
748 1862 813 1943 γὰρ
847 1858 886 1926 ἂν
917 1857 1013 1942 ᾤμην.
1071 1859 1220 1930 Lucrinus
1246 1881 1265 1930 a
1294 1861 1466 1934 Veteribus

271 1975 432 2035 sumserat
452 1973 621 2033 venustam
645 1965 860 2043 locutionem,
885 1985 949 2051 qua
970 1965 1136 2034 incitatior
1162 1964 1267 2034 ternu
1289 1965 1462 2038 admoneu-

272 2075 315 2139 tis
343 2074 466 2148 oratio‚
490 2068 564 2138 οἶσθ’
585 2068 599 2137 θ
623 2071 749 2151 δρᾶσον,
773 2091 871 2158 quam
891 2069 1037 2148 librarii,
1057 2071 1133 2156 qnia
1162 2073 1323 2142 nonsatis
1345 2073 1463 2144 inteili-

269 2179 406 2264 gebenn,
436 2177 556 2263 ubique
576 2176 675 2244 stulte
697 2175 942 2263 interpolarent.
990 2171 1107 2246 Editur
1135 2194 1221 2244 nune
1252 2182 1315 2257 10,
1342 2184 1404 2258 15,
1429 2183 1461 2248 6.

269 2287 347 2354 αλλ’
370 2281 457 2353 οἶσθα
485 2279 500 2348 θ
529 2280 673 2366 δρθσιιρς
697 2320 741 2332 -
764 2282 818 2347 σιέ
838 2281 891 2352 nei
915 2277 1001 2356 αὖθις
1022 2280 1085 2352 πίε.
1121 2284 1182 2357 20,
1204 2285 1258 2352 65.
1281 2280 1356 2350 οἷσθ’
1375 2281 1460 2353 οὖνὸ

271 2389 415 2473 δριθσειιρ
447 2390 514 2468 ἐμοὶ
537 2390 582 2468 μδ
604 2388 741 2471 σρθσεχε
763 2390 816 2454 aba
839 2392 916 2456 νοῦν.
952 2391 1017 2465 41,
1041 2389 1098 2454 62.
1122 2388 1198 2454 ἀλλ’
1221 2383 1295 2454 οἷσθ’
1318 2387 1333 2455 ὃ
1356 2389 1462 2472 δράσι·

267 2520 351 2574 μιν,
376 2532 422 2548 -
445 2494 591 2573 εθσιοριεο.
637 2492 816 2563 Emendate
847 2494 1007 2578 scriptura
1035 2509 1073 2558 ex
1104 2509 1168 2559 uno
1195 2491 1304 2562 codiee
1331 2495 1464 2564 emersit
1515 2569 1521 2579 ¹

271 2603 339 2673 47,
364 2603 415 2664 15.
450 2595 523 2663 οἶσθ’
553 2595 567 2663 ὃ
598 2598 771 2680 opinonem
808 2597 1082 2679 ὑπερβαλώμεθα,
1119 2597 1299 2664 rectissime
1329 2598 1399 2668 eod.
1424 2599 1461 2668 Α.

271 2701 432 2784 δράσομεν
444 2701 528 2786 quod
553 2702 738 2768 lneoarrarns
757 2702 983 2769 etiitnnnastos
1003 2711 1215 2787 spreverunt,
1236 2704 1357 2788 optime
1376 2723 1461 2773 reee-

272 2808 322 2894 pit
338 2807 521 2883 Bereiaros,
547 2806 602 2893 qui
626 2813 814 2873 tamennon
836 2807 998 2891 perspexit
1020 2803 1154 2890 reliquis
1176 2806 1280 2873 trihus
1300 2806 1379 2874 loeis
1399 2829 1463 2878 me·

270 2912 415 2977 silicinam
440 2910 574 2978 eandem
598 2929 751 2998 apparere
772 2908 964 2978 taciendam.
1012 2910 1241 2996 Reponendunn
1264 2921 1312 2980 est
1334 2915 1462 2997 δρῐισον,

273 3017 327 3083 ubi
341 3016 550 3102 imperativus
569 3016 736 3101 sequitur,
758 3014 806 3082 vet
817 3015 1016 3083 coniunctiri
1029 3014 1169 3082 secunda
1183 3037 1317 3104 persona
1328 3070 1337 3097 ‚
1348 3019 1463 3103 δρθσσ-

271 3147 351 3213 ριεν,
377 3121 430 3187 uhi
451 3121 647 3187 coniunctivi
672 3122 787 3207 prims.
835 3118 999 3201 Quomodo
1020 3130 1052 3188 et
1085 3121 1242 3206 aquibus
1266 3122 1389 3192 dietum
1420 3127 1463 3194 sit

271 3225 344 3297 οἷσθ’
378 3223 392 3294 ὃ
423 3227 554 3309 δροῖσον,
583 3222 657 3292 οἶσθ’
688 3223 734 3292 ὅτι
764 3227 889 3302 nolanos
914 3234 947 3292 et
979 3226 1098 3296 similia
1119 3225 1300 3296 luculenter
1322 3232 1463 3300 ostendit

273 3334 407 3400 Koounos
434 3330 473 3398 ed
500 3331 632 3398 Gnoson.
655 3331 798 3400 Conturu.
824 3351 853 3418 p.
880 3335 920 3397 18
945 3351 992 3417 sq.
1016 3331 1092 3399 edit.
1116 3331 1242 3402 Sontes
1269 3334 1398 3406 Videbis
1417 3339 1461 3404 ibi

272 3438 439 3509 Graeculis
462 3437 587 3524 ptaoere
609 3438 731 3520 δρῖισον,
757 3437 881 3512 σοιίρσον
906 3445 968 3504 oet.
1015 3438 1115 3506 Attice
1134 3439 1208 3524 poni
1232 3459 1288 3526 pro
1322 3442 1464 3526 δροθσειρ,

271 3548 409 3622 ποιήσεις
433 3554 493 3613 net.
541 3541 611 3608 Noli
643 3541 744 3626 igitur
768 3542 902 3621 mirari,
932 3541 1018 3628 quod
1042 3563 1080 3610 ex
1112 3542 1172 3610 han
1202 3545 1351 3630 opinione
1377 3548 1463 3618 tonos

272 3658 418 3717 veterum
445 3646 679 3734 interpolarent
699 3647 818 3732 passim
841 3647 1031 3733 imperativo
1048 3646 1193 3716 [uturum
1214 3649 1463 3726 sribntttuenten

272 3773 470 3839 quamrpram
495 3750 669 3820 absurdum
693 3759 742 3817 est
764 3749 872 3818 disere
890 3748 963 3820 οἷσθ’
985 3748 999 3820 ὃ
1023 3753 1143 3834 δροθσειρ
1164 3774 1221 3841 pro
1237 3756 1303 3824 εοιίο
1315 3760 1390 3844 qnid
1406 3761 1464 3830 tibi

273 3858 453 3947 [oriendum
473 3857 635 3925 οοοιοοιιιθ
658 3854 712 3924 sed
736 3853 958 3926 animadverso
980 3877 1091 3928 eorum
1112 3879 1220 3927 errore
1243 3869 1275 3928 et
1299 3867 1461 3936 temerita-

274 3973 328 4040 te,
349 3962 433 4049 quod
457 3962 512 4029 isti
536 3969 750 4049 corruperunt
773 3960 971 4030 norrfidenter
992 3963 1128 4032 restitue
1148 3973 1180 4030 et
1201 3967 1309 4048 δρᾶσον
1332 3971 1461 4057 quidem

272 4067 497 4154 proiectum,
519 4070 642 4144 σοθιρσον
666 4087 723 4153 pro
746 4067 882 4144 ποιήσεις
906 4067 971 4134 iem
996 4087 1088 4156 saepe
1111 4081 1258 4140 revocata
1278 4085 1376 4156 sunt,
1399 4079 1464 4148 vid.

272 4174 371 4239 Korn.
407 4173 429 4240 Ι.
456 4173 477 4240 t.
506 4174 633 4239 Poasou.
657 4171 698 4239 ad
720 4171 838 4241 Heoub.
867 4193 913 4237 vs.
934 4176 1010 4241 tid.
1059 4174 1212 4246 Sollertor
1236 4181 1408 4252 Eiusnnrns
1432 4185 1465 4249 in

274 4279 432 4352 Enuuunns
452 4278 560 4344 Medea
579 4298 624 4344 vs.
645 4280 732 4344 600:

497 4381 571 4450 οἷσθ’
594 4385 633 4457 ὡς
656 4381 792 4465 perarida
814 4383 867 4449 καὶ
891 4383 1053 4468 σοφωτέρα
1076 4391 1183 4468 Φανοῖ.

275 4490 456 4556 emendavit
487 4487 560 4556 οἷσθ’
588 4491 626 4562 cie
656 4487 816 4567 μθσεοξαι.
874 4489 1010 4558 Prorsus
1045 4491 1155 4562 eodem
1189 4493 1283 4559 modo
1316 4495 1465 4565 inermus

275 4598 448 4683 scripserat
472 4601 512 4675 8,
538 4597 599 4673 tt,
624 4597 654 4663 4.
683 4593 738 4661 ubi
769 4593 894 4662 librarii
915 4597 1086 4682 antiquum
1112 4598 1257 4664 obtinent
1277 4608 1309 4665 et
1331 4602 1466 4690 impera·

275 4702 340 4765 tiro
374 4702 576 4769 substituunt
611 4697 782 4777 futurum,
811 4699 906 4786 idque
936 4700 1091 4772 barbarae
1117 4701 1259 4769 formae:
1287 4702 1360 4772 οἷσθ’
1392 4707 1463 4787 οὖν,
