3767 5717
858 585 925 664 323

311 793 463 873 secessit,
481 803 517 858 ut
536 793 596 870 26,
618 791 661 856 22
679 799 838 871 γαμεῖται
856 801 889 856 et
909 797 1016 870 γαμεῖ
1029 790 1086 857 'ubi
1103 789 1204 857 oodex
1227 790 1262 857 t.
1279 792 1481 858 σονονσιᾶται

310 911 343 964 ιιι
370 904 526 983 σννονσιᾶ.
549 895 696 975 exhibet,
715 894 818 986 ‚qued
844 895 940 964 etiam
972 896 1076 962 multo
1097 898 1188 986 peius
1207 909 1274 975 est,
1297 908 1330 961 et
1354 899 1413 974 42,
1437 897 1483 960 32

309 1005 366 1080 τὴν
390 1005 422 1070 δὲ
448 1010 588 1082 γυναῖκα
613 1003 656 1076 εἰς
683 1002 738 1075 τῖον
758 1001 823 1069 ὁδὸν
848 1000 1031 1081 ἀνατρέψας
1057 1010 1176 1081 γαμεῖν
1201 1002 1369 1080 ἐβούλετο,
1394 999 1483 1091 quod

311 1129 377 1174 noe
396 1108 546 1188 εὐφιρμοιο
567 1106 690 1194 dietum
711 1117 759 1174 est
779 1105 834 1172 sed
852 1127 966 1196 spurce
986 1116 1018 1172 et
1037 1107 1166 1197 plebeio
1185 1129 1275 1172 more
1294 1129 1353 1197 pro
1372 1107 1484 1185 βινεῖν.

314 1215 374 1290 46,
407 1215 451 1279 20
471 1213 625 1281 εασιοὶσαι
647 1235 706 1303 pro
727 1213 895 1291 διαβαλεῖν
916 1212 1080 1280 transitive
1099 1213 1222 1279 dietum
1242 1224 1309 1292 est,
1331 1210 1485 1302 pessime;

311 1329 345 1387 et
373 1317 498 1409 saepius
529 1318 677 1386 Graeculi
702 1318 863 1401 εασιᾶζειν
889 1317 996 1384 dixere
1017 1342 1075 1409 pro
1093 1319 1185 1389 πᾶσιν
1204 1321 1353 1399 ἐμποιεῖν.
1380 1319 1440 1394 tt,
1465 1321 1485 1380 5

310 1422 511 1501 ἐπιγελῶσαν
541 1425 628 1515 apud
658 1435 777 1491 setores
804 1436 852 1490 est
876 1425 1104 1504 arridentem,
1127 1428 1374 1505 προσγελῶσαν,
1400 1418 1487 1510 apud

312 1529 474 1619 sequiores
491 1531 646 1609 ἐπιγελᾶν
663 1543 712 1596 est
730 1534 938 1609 καταγελᾶν,
959 1533 1161 1610 ἐπεγγελᾶν,
1181 1528 1389 1618 negligenter.
1408 1532 1426 1615 §
1445 1529 1486 1590 13

311 1632 397 1699 mele
424 1634 545 1700 iudices
573 1635 725 1702 dieantur
750 1637 860 1717 κρίνειν
884 1658 944 1726 pro
965 1634 1099 1718 ῥικᾶζειν
1119 1636 1153 1700 in
1172 1635 1261 1700 ἐννέα
1280 1632 1486 1716 κρινᾶτιισαν.

311 1743 330 1826 §
351 1741 393 1804 16
409 1740 477 1821 ἐμοὶ
495 1740 655 1822 ῥευσᾶτοι,
673 1755 795 1810 veteres
809 1745 914 1823 ῥυῆναι
934 1738 1047 1806 dicunt
1063 1751 1095 1806 et
1110 1741 1293 1823 ῥυήσεσθαι,
1312 1739 1365 1806 isti
1380 1741 1486 1820 ῥεῦσαι

311 1854 345 1909 ot
361 1843 532 1926 ῥεύσεσραι.
553 1851 572 1933 §
593 1848 631 1910 17
653 1847 798 1928 ᾶνένιρψα
819 1846 981 1912 transitive
1002 1845 1124 1912 dietum
1144 1857 1191 1911 est
1207 1856 1319 1911 eontra
1335 1845 1487 1934 antiquo-

310 1968 382 2016 tum
413 1972 526 2028 usum,
550 1951 666 2040 quihus
694 1953 866 2033 ᾶνανιρφειν
899 1964 947 2018 est
967 1952 1017 2017 ad
1031 1953 1198 2020 madorem
1209 1954 1352 2041 frugem
1373 1950 1490 2014 redire

311 2066 344 2122 et
361 2054 497 2135 ᾶνένιρψε
508 2055 616 2145 frugi
622 2059 747 2142 faetus
765 2066 826 2122 est,
842 2059 861 2141 §
878 2062 922 2122 33
938 2055 1136 2135 ᾶποισρμενοι
1154 2057 1207 2121 τὸν
1223 2055 1348 2134 μισθόν,
1365 2065 1488 2119 veteres

310 2160 454 2232 οἴσοντες.
476 2167 496 2248 §
517 2165 561 2226 et
582 2163 614 2233 ἐς
641 2163 693 2226 τὸν
718 2161 901 2242 ᾶνρρᾶπινον
918 2161 1047 2244 τρόπον,
1071 2183 1163 2250 saepe
1183 2158 1228 2224 sio
1248 2159 1488 2236 Lucanas-ut

312 2270 350 2346 6,
377 2269 391 2330 l
415 2267 446 2336 ἐς
468 2266 576 2347 lessies
595 2268 723 2348 τρόπον,
750 2269 810 2345 22,
833 2271 853 2332 4
873 2269 904 2340 ἐς
928 2268 981 2331 τὸν
1005 2267 1139 2331 πωλικὸν
1158 2265 1289 2346 τρόπον,
1316 2269 1373 2342 47,
1393 2265 1487 2336 atta

309 2372 362 2437 τὸν
387 2370 547 2452 Ἀσσύριον
578 2371 707 2454 τρόπον,
742 2383 865 2438 setores
895 2372 1166 2462 praepositionem
1200 2371 1362 2436 omittunt.
1384 2371 1487 2446 49,e

310 2477 354 2541 τᾶ
369 2469 453 2539 ᾶρλα
474 2475 638 2548 διαθεῖναι,
662 2486 784 2540 ueteres
802 2478 909 2542 θεῖναι.
930 2483 949 2565 §
973 2480 1010 2540 ll
1030 2477 1144 2558 ζημίας
1161 2474 1349 2553 ε’πᾶγοιισιν,
1367 2485 1489 2540 ueteres

310 2577 498 2645 ἐπιτιθέασιν
529 2588 562 2642 et
585 2576 718 2650 Odessos
748 2579 904 2644 ἐπίκειται
928 2583 946 2656 ἦ
975 2581 1074 2663 ζημία
1099 2579 1219 2645 elsim.
1241 2582 1303 2657 51,
1329 2579 1345 2643 1
1369 2578 1487 2657 ᾶνύειν,

313 2681 413 2748 Attici
442 2681 577 2748 ᾶνύτειν.
608 2686 626 2767 §
660 2686 679 2745 2
708 2685 805 2762 μηδὲν
831 2683 934 2764 ὄντες,
959 2685 1067 2750 illisi
1093 2686 1201 2780 μηδὲν.
1227 2689 1487 2771 §sessanum

311 2788 419 2878 posuit
434 2809 495 2876 pro
510 2787 724 2875 deffeote'onem
740 2791 875 2870 meliri,
892 2789 1049 2879 signifieat
1068 2788 1152 2855 idem
1173 2787 1260 2879 quod
1277 2785 1485 2868 παραπαίειν,

309 2898 541 2974 παραφρονεῖν,
562 2897 729 2959 insanire.
759 2896 777 2978 §
802 2898 843 2961 16
867 2905 1027 2976 σκορακιεῖ
1051 2894 1216 2986 plebeium
1237 2891 1369 2958 verbum
1388 2899 1488 2956 estet

311 2997 491 3076 novicium,
525 2998 625 3064 Attici
658 3000 689 3071 ἒς
729 2998 864 3080 κόρακας
897 2999 1024 3064 ᾶπιέναι
1065 2999 1222 3078 κελεύειν,
1257 2996 1330 3064 side
1361 2995 1488 3061 laxem

311 3101 401 3169 Xlss.
432 3105 485 3168 el.
531 3102 570 3169 ln
600 3109 663 3183 52,
690 3106 731 3168 15
757 3112 871 3181 γελοῖα
895 3114 993 3178 ποιεῖς
1022 3107 1142 3175 ᾶπιτῶν
1168 3103 1310 3182 ᾶπασιν,
1333 3101 1487 3170 debuerat

313 3208 529 3285 καταγέλατα
558 3219 656 3283 ποιεῖς
679 3211 835 3289 scribere,
862 3209 941 3276 atsi
968 3211 1177 3290 καταγέλαςε
1201 3214 1264 3290 27,
1288 3214 1330 3275 25
1357 3220 1390 3273 et
1410 3205 1488 3274 olibi

311 3333 369 3401 pro
397 3307 419 3374 ὦ
453 3320 582 3387 γελοῖε,
617 3313 705 3401 quod
736 3314 875 3404 quisque
905 3313 1001 3380 laoile
1022 3314 1101 3379 scite
1122 3325 1249 3403 poterat
1271 3337 1308 3380 ex
1327 3306 1488 3405 frequenti

312 3439 372 3482 usu
401 3428 558 3492 veterum,
589 3429 621 3480 et
651 3418 724 3505 quis
750 3441 814 3485 nou
843 3420 991 3486 meminit
1017 3419 1101 3484 sein
1131 3419 1294 3486 Pxxsotsxs
1313 3420 1489 3510 Symposio

316 3519 560 3612 Aristophanem
591 3520 716 3586 audisse
746 3520 906 3586 dicentem
935 3545 966 3612 p.
1000 3525 1074 3590 189.
1100 3521 1134 3586 Β.
1159 3524 1325 3603 φοβοῦμαι
1347 3525 1412 3589 οὔτι
1441 3525 1487 3601 μὲν

312 3634 426 3705 γελοῖα
449 3623 525 3690 εἶπεν
542 3624 634 3688 ᾶλλᾶ
656 3626 701 3702 μὴ
726 3625 954 3703 καταγέλαςα.
1002 3625 1040 3690 In
1066 3625 1263 3712 Lysistrate
1289 3649 1329 3692 vs.
1354 3629 1431 3692 907.

561 3723 583 3791 ὦ
608 3728 834 3807 καταγέλας’,
858 3729 995 3794 ἐναντίον
1017 3735 1071 3794 τοῦ
1096 3730 1237 3805 παιδίονς

311 3829 379 3901 sisi
403 3841 510 3912 γελοῖε
529 3833 677 3910 dixisset,
706 3832 789 3899 nihil
808 3833 945 3899 dixisset.
992 3835 1161 3901 Laeuius
1183 3847 1288 3902 tamen
1307 3839 1488 3929 saepissime

312 3949 486 4027 utrumque
506 3937 591 4002 mele
612 3938 800 4019 eonlundit,
824 3939 899 4030 quia
920 3939 1069 4030 aequales
1091 3963 1200 4006 omnes
1217 3943 1398 4031 promiscue
1417 3955 1487 4010 ute-

310 4045 440 4110 bantur.
485 4043 618 4109 Mordax
639 4042 784 4112 Casurus
800 4046 923 4112 dietum
943 4046 977 4111 iu
990 4046 1211 4114 ‘cicsaosme
1241 4073 1341 4138 quam
1358 4052 1487 4116 m'de'ou-

285 4142 380 4217 ιΙιιιιι
399 4152 553 4220 bubum
576 4149 773 4219 Consules!
806 4151 973 4218 uidebatur
1000 4152 1177 4242 significare
1201 4157 1238 4227 ὥς
1265 4165 1387 4234 γελοῖον
1413 4155 1487 4238 ἕχο-

311 4281 371 4337 μεν
396 4254 529 4340 ὕπατον,
558 4268 591 4321 et
612 4256 742 4323 solebat
763 4256 869 4324 dioere
893 4259 932 4332 οῖς
960 4259 1185 4337 καταγέλατον
1212 4259 1330 4326 ὕπατον
1356 4259 1484 4342 ἔχομεν.

312 4363 553 4439 Ριιιτλλοιιῑιε,
573 4363 630 4452 qui
646 4361 705 4427 illo
725 4362 822 4428 modo
841 4365 949 4442 vortit,
967 4361 1051 4429 visus
1065 4373 1113 4428 ost
1128 4364 1314 4454 aequalibus
1330 4366 1365 4430 τὸ
1381 4364 1487 4446 α’μφρ-

313 4469 407 4547 βολον
429 4489 575 4537 servesse.
615 4476 633 4557 §
652 4471 705 4534 32.
728 4470 764 4533 τὸ
790 4476 865 4548 γοῦν
886 4475 940 4534 τοῦ
968 4469 1064 4548 λόγον
1084 4471 1179 4535 ἐκεῖνο
1204 4471 1352 4552 ᾶνρρακες
1374 4473 1448 4549 ἡμῖν
1471 4471 1485 4535 i

313 4572 459 4654 θησαυρὸς
475 4572 638 4655 πέφηνας,
659 4573 785 4641 Atticus
801 4574 1012 4657 ᾶναπέφιρνας
1029 4573 1166 4655 dixisset,
1184 4599 1257 4641 nam
1273 4575 1297 4640 si
1310 4574 1387 4665 quid
1398 4599 1486 4667 spem

313 4685 346 4740 et
374 4676 558 4764 opinionem
586 4678 704 4745 fefellit
732 4701 799 4745 nou
822 4683 961 4762 φανῆναι
985 4679 1103 4746 dieitur
1123 4679 1153 4746 id
1176 4681 1264 4773 quod
1290 4697 1355 4747 non
1375 4704 1511 4772 exspe-·
