3767 5717
857 600 919 665 us
996 576 1001 585 “

299 792 384 865 cod.
406 792 562 867 ἀλύονσα,
598 790 652 859 sed
683 790 806 881 corrige
836 790 928 861 sodes
954 792 1043 875 ταρά
1063 796 1120 869 την
1141 792 1318 861 θοίλασσαν.
1367 794 1475 862 Etiam

297 901 397 991 mugio
417 899 591 967 ridiculum
609 910 657 965 est
675 898 709 964 iu
732 895 928 967 onrmrorr
948 922 980 988 p.
1003 902 1077 965 139.
1106 899 1192 983 ὤφθη
1215 898 1389 983 Καλλιρρόη
1416 901 1475 981 μὲν

298 1006 349 1075 ἐπὶ
372 1006 576 1088 χρυσηλάτου
600 1006 706 1082 κλίνης
725 1005 913 1084 ἀνακειμένη
927 1053 934 1070 .
948 1052 956 1070 .
968 1054 997 1070 ..
1029 1006 1163 1087 Χαιρέας
1187 1006 1218 1070 δὲ
1241 1008 1330 1088 αὐτῇ
1345 1029 1474 1087 περικα-

298 1112 445 1191 θήμενος,
465 1112 630 1201 eliquanto
650 1110 815 1177 decentius
837 1110 1113 1191 παρακαθήμενος,
1135 1109 1249 1189 credo,
1269 1110 1476 1177 scribendum

300 1228 358 1283 est.
406 1216 441 1284 P.
464 1221 516 1283 44.
540 1219 593 1283 καί
617 1216 677 1289 τάς
698 1217 806 1297 μύσας
828 1224 900 1286 ταῖς
922 1214 1032 1295 χερσίν
1056 1214 1275 1293 ἐμβαλόντες,
1301 1216 1476 1281 rectissime

301 1317 409 1387 Codex
428 1331 500 1394 ταῖς
519 1320 628 1401 χερσίν
651 1319 781 1387 omittit.
814 1319 849 1384 P.
862 1322 915 1385 49.
938 1316 992 1381 καὶ
1014 1318 1081 1382 οὐδὲ
1101 1324 1298 1400 λουτρῶν...
1321 1320 1474 1399 δεόμενον.

299 1425 403 1493 scribe
421 1426 518 1493 οὐδέν.
553 1414 586 1491 Ρ.
609 1429 660 1493 51.
684 1426 787 1507 χειρὸς
813 1423 968 1506 ὠφέλειαν
990 1422 1142 1497 ἀλλύλοις
1162 1425 1384 1503 μετεδίδοσαν,
1409 1424 1476 1491 imo

299 1552 377 1599 rere
395 1528 517 1603 ἀλλοις.
563 1531 596 1597 Ρ.
617 1534 670 1597 56.
699 1531 807 1601 κύκνος
833 1526 933 1607 ύμοιος
961 1526 1028 1605 ἐμοὶ
1055 1528 1150 1608 γε’ρων
1178 1527 1354 1610 γενόμενος.
1386 1529 1476 1597 rideo

300 1635 385 1703 istud
403 1632 536 1715 Δθμοιος,
572 1635 707 1702 emenda
729 1633 837 1713 ὁμοίως
863 1631 953 1719 ἐμοί,
977 1629 1065 1721 quod
1087 1631 1282 1699 Beurtcmus
1301 1633 1477 1725 praecepit.

298 1741 332 1808 P.
354 1745 407 1807 57.
431 1739 486 1805 καί
507 1766 543 1807 σε
561 1738 631 1807 οἶδα
649 1741 782 1819 νέμοντα
800 1736 964 1819 πρωθήβην
987 1738 1018 1801 ἐν
1037 1736 1142 1817 ἐκείνῳ
1163 1739 1206 1817 τιῖι
1226 1735 1290 1803 ἕλει
1309 1740 1344 1803 τὸ
1365 1740 1475 1807 πλατὺ

296 1844 468 1923 βουκθλιον.
506 1844 585 1911 Cod.
613 1848 644 1911 ἐν
672 1845 774 1926 ἐκείνῳ
799 1844 841 1924 τῷ
862 1840 936 1923 θρει,
970 1840 1027 1931 qui
1056 1840 1145 1907 locus
1170 1853 1219 1913 est
1239 1846 1391 1911 armentis
1415 1845 1475 1911 ati-

297 1960 419 2040 quanto
440 1950 598 2017 salubrior
618 1972 716 2040 quem
736 1946 823 2020 ἕλος.
848 1946 882 2011 in
904 1968 970 2037 quo
993 1944 1109 2012 melius
1128 1945 1291 2028 βοίτραχοι
1315 1949 1474 2028 νέμονται.

297 2054 332 2122 Ρ.
359 2059 415 2123 64.
448 2054 521 2134 ἀμα
556 2053 745 2143 μειδιάματι
780 2051 988 2132 κατέδραμον.
1023 2064 1111 2118 recte
1144 2048 1222 2116 Cod.
1251 2054 1474 2135 προσέδραμον.

296 2160 463 2226 Praeterea
491 2159 526 2223 iu
551 2157 670 2225 Codice
691 2168 738 2223 est
762 2157 929 2237 ἕνθεύτεροι
954 2158 985 2221 δὲ
1010 2158 1084 2237 πρὸς
1106 2157 1162 2230 την
1182 2157 1331 2222 ἐπιοῦσαν
1355 2158 1474 2239 ἡμέραν

257 2272 262 2277 ’
296 2276 329 2331 et
349 2264 543 2345 ἐπειγόμενοι
568 2266 641 2345 πρὸς
661 2263 704 2327 roi
729 2261 926 2344 φιλήματα,
951 2261 1038 2327 unde
1064 2260 1186 2349 corrige
1210 2258 1390 2327 Counnttttt
1412 2284 1474 2327 no·

295 2381 361 2435 tum
381 2370 441 2459 (4).
489 2368 525 2435 P.
546 2373 599 2435 66.
628 2367 786 2447 λαγωούς.
806 2364 877 2431 cod.
896 2370 1005 2445 λαγθις
1031 2379 1064 2432 et
1082 2366 1165 2432 infre
1185 2369 1228 2439 εἷς
1249 2369 1340 2447 θήραν
1362 2373 1473 2445 λαγῶν

297 2486 330 2541 et
350 2476 395 2540 sic
414 2473 548 2557 Luscus
566 2474 653 2540 alibi.
685 2473 759 2561 rag.
775 2476 828 2539 68.
851 2472 906 2545 την
924 2472 1023 2550 λύγον
1039 2472 1225 2553 ἀπίφαγον.
1247 2470 1328 2539 Cod.
1348 2472 1473 2554 ε’τέφα-

296 2603 362 2658 γον.
390 2578 475 2667 Lege
495 2580 683 2661 κατέφαγον
704 2600 741 2643 ex
759 2600 793 2666 p.
805 2579 859 2641 69.
881 2576 936 2649 την
958 2576 1057 2654 λύγον
1075 2576 1283 2641 κατεσθίουσι.
1307 2588 1338 2641 et
1352 2600 1384 2666 p.
1398 2579 1473 2642 130.

296 2684 352 2758 την
384 2684 482 2761 λύγον
513 2684 546 2748 αθ
577 2684 632 2747 σαί
657 2704 733 2747 ποτε
757 2676 849 2757 αίγες
879 2679 1079 2761 κατέφαγον.
1111 2680 1208 2745 etsie
1228 2704 1397 2772 repouep.
1418 2686 1472 2751 72.

296 2788 484 2870 κατέφαγον
515 2789 571 2862 την
605 2786 713 2864 λύγον.
750 2783 869 2873 siglae
885 2795 1007 2849 veteres
1035 2783 1095 2849 hos
1118 2807 1241 2851 errores
1265 2800 1471 2878 pepererunt.

296 2894 332 2961 P.
353 2897 407 2959 72.
433 2894 485 2959 ἀπ’
508 2895 600 2974 ἀργῆς
618 2892 823 2972 ὁρμήσαντες.
862 2900 949 2955 recte
979 2888 1086 2955 Codex
1115 2892 1322 2981 participium
1341 2892 1472 2959 omittit.

295 3001 331 3069 P.
353 3004 407 3066 73.
432 3000 579 3081 ζυμθτου.
606 2996 677 3063 cod.
698 2997 779 3079 ζύμη
796 3002 864 3063 τοῦ.
890 2997 1050 3063 Graecum
1067 3010 1114 3065 est
1134 2999 1274 3080 ζιιμίτοο.
1300 3000 1336 3065 Ρ.
1352 3002 1407 3065 73.
1425 2998 1471 3077 μὴ

294 3106 347 3171 καὶ
364 3103 665 3186 τροτκαταγέλασοι
692 3102 838 3181 γίνοιντο.
865 3101 979 3169 Scribe
997 3104 1123 3169 divisim
1142 3105 1216 3183 πρὸς
1236 3104 1471 3183 καταγίλαςοι.

295 3209 329 3286 Ρ,
357 3213 411 3275 75.
443 3208 544 3275 οὐκέτ’
574 3208 764 3287 ἐγίγνωσκον
796 3200 964 3291 περαιτέρω
998 3218 1102 3276 πλεῖν.
1139 3208 1288 3276 Praefero
1317 3206 1406 3299 quod
1436 3207 1472 3275 in

296 3314 415 3381 Codice
435 3325 482 3379 est
501 3314 555 3378 ούκ
575 3312 750 3391 ἐγίνωσκον.
793 3311 828 3377 Ρ.
849 3316 902 3380 77.
925 3315 986 3388 τθις
1006 3315 1064 3393 μὲν
1091 3304 1191 3394 αἶγας
1208 3314 1389 3395 ἀποδίρουσι
1414 3311 1469 3379 καὶ

292 3422 334 3487 τά
361 3420 511 3500 πρθβατα
536 3418 737 3484 καταθύουσι.
763 3415 834 3505 lege
853 3421 1036 3502 ἀπσδερούσι
1060 3421 1333 3486 -καταθύσουσι,
1366 3418 1400 3483 Ρ.
1417 3421 1470 3486 78.

293 3523 429 3605 ἐῴκεσαν
451 3526 614 3597 ἐλεούσαι,
640 3522 779 3587 rescribe
800 3524 973 3597 ε’λεούσαις.
1008 3526 1042 3591 Ρ.
1063 3530 1117 3593 80.
1142 3528 1185 3599 εἰς
1205 3524 1297 3591 ύπνον
1316 3523 1467 3605 ύρμησεν.

294 3625 374 3695 Cod.
392 3630 434 3699 είς
450 3624 541 3691 ύπνον
560 3626 721 3708 τρέπεται.
756 3627 791 3692 Ρ.
802 3632 856 3695 83.
870 3628 1040 3705 μηνίοντος.
1064 3629 1136 3696 cod.
1151 3636 1317 3708 μηνιῶντος
1334 3629 1471 3694 solemni

206 3744 208 3747 '
295 3733 388 3811 vitio,
409 3730 448 3796 de
469 3752 534 3822 quo
554 3754 650 3821 supra
670 3731 817 3799 diximus.
856 3732 890 3797 P.
911 3736 964 3800 84.
988 3737 1044 3809 τὴν
1066 3736 1149 3812 ύμάς
1174 3733 1373 3814 ταράξασαν.
1389 3731 1469 3801 Cod.

294 3839 377 3905 bene
408 3837 638 3918 ταροίττοιιοαν.
687 3839 722 3905 Ρ.
744 3844 796 3905 85.
829 3838 994 3919 ἐξέτρεχεν
1015 3842 1070 3903 ούιι
1093 3838 1353 3916 ἐξολισθαίνοοτα.
1384 3841 1470 3905 malo

295 3943 446 4010 Couemn
476 3945 530 4007 οὐκ
559 3942 691 4009 inseruit
717 3944 757 4009 de
784 3966 857 4022 suo,
890 3942 946 4009 sed
967 3941 1300 4021 ἕξολισθοίνονταύεεσ
1318 3943 1469 4012 debebat

263 4059 273 4068 “
293 4048 440 4115 Suaviter
467 4046 619 4111 dicuntur
646 4049 789 4115 oriculae
808 4050 930 4115 incerto
957 4059 989 4114 et
1008 4048 1135 4113 lubrico
1155 4046 1287 4136 vestigio
1307 4048 1468 4126 ε’ξολισθοί·

292 4158 372 4229 νείν,
396 4176 461 4218 non
483 4153 561 4219 item
582 4155 615 4218 αἱ
639 4150 730 4233 αἶγες
756 4152 806 4221 οία
831 4157 867 4231 δη
891 4156 1121 4236 κρημνοβατεῖν
1148 4155 1329 4233 εἰθισμέναι.
1360 4155 1394 4223 Ρ.
1412 4160 1469 4225 86.

290 4261 383 4340 μύλος
403 4260 434 4325 δὲ
460 4258 575 4337 ἔμβιος·
594 4259 758 4338 γενόμενος
781 4261 889 4351 inepte
918 4260 1042 4327 Rhetor
1069 4260 1148 4326 dixit
1174 4284 1234 4351 pro
1259 4259 1395 4339 ἔμπνους
1416 4264 1468 4328 rel

290 4366 400 4437 ἔννους.
450 4365 485 4430 Ρ.
508 4367 561 4432 88.
585 4371 639 4431 τοῦ
666 4367 768 4439 Πανὸς
791 4366 1008 4447 ἐμνημόνευον.
1046 4368 1161 4433 Melius
1182 4365 1261 4433 Cod.
1280 4367 1468 4446 ἐμνημόνευ-

289 4494 359 4535 σαν.
409 4470 442 4537 Ρ.
462 4472 515 4535 90.
550 4471 582 4542 ἐς
603 4469 698 4548 βίαν,
726 4470 884 4538 Graecum
911 4483 959 4536 est
979 4473 1052 4553 πρὸς
1072 4472 1168 4550 βίαν,
1202 4484 1237 4537 ut
1258 4473 1331 4553 πρὸς
1352 4472 1465 4552 θργύν,

289 4574 362 4655 πρὸς
384 4574 495 4657 χοίρου,
522 4575 594 4641 aliu.
641 4574 677 4641 P.
699 4579 752 4643 91.
782 4579 892 4657 παμύν
916 4576 1037 4645 lonico.
1065 4576 1173 4644 Codex
1192 4580 1306 4657 τεμιθν.
1354 4576 1391 4643 Ρ.
1411 4580 1467 4645 91.

290 4678 421 4753 καθίσας
442 4680 558 4763 θρθιον,
580 4680 663 4763 θρθθς.
686 4682 815 4773 opinor,
845 4681 964 4751 deinde
990 4682 1122 4753 εύτνοιοι
1148 4683 1185 4749 in
1203 4680 1325 4755 Codice
1340 4695 1389 4751 est
1407 4702 1467 4773 pro
