3767 5717
817 637 821 642 ·
856 608 919 669 187

297 825 362 894 que
390 800 606 869 Professorem
638 803 719 870 bone
752 803 855 868 valere
885 801 1011 867 iubeat:
1045 798 1066 866 ὦ
1100 797 1473 882 Σεννιχιρρεὶμικόλλιεε

292 916 422 981 πολλοῖς
460 908 513 973 not
550 908 656 988 λόγοις
685 909 818 988 όνομοιςὲ
855 908 907 971 κιο)
940 906 1094 988 πρόξεοι,
1131 906 1185 970 nol
1217 903 1387 987 Ἀνόρόνικε
1412 910 1468 977 τῆς

292 1021 523 1093 γροιμμκτικῆς
547 1012 712 1094 ἀκριβείαις
733 1012 880 1093 διόδοχε,
917 1024 949 1078 et
975 1036 1032 1079 nos
1060 1010 1211 1077 lubenter
1234 1022 1266 1075 ct
1290 1008 1470 1100 Imperato-

295 1140 362 1183 rem
392 1118 497 1185 valere
526 1118 675 1185 iubemus
706 1130 737 1184 et
766 1119 1001 1185 florentinum
1031 1117 1185 1186 codicem
1214 1116 1403 1210 deponimus
1427 1115 1468 1180 de
1498 1116 1506 1145 ⁸·

293 1223 450 1289 manibus.

737 1434 901 1553 canor
938 1414 1020 1552 vm.

341 1754 558 1827 Intermissum
587 1760 684 1827 telam
705 1782 867 1825 resumens
890 1782 1073 1850 percurram
1094 1763 1235 1851 primum
1255 1762 1467 1829 Anacharsi-

191 1863 195 1868 ’
293 1866 367 1935 dem
399 1872 451 1933 49.
473 1872 504 1933 2.
530 1866 783 1945 ὑποβκλλόμενοι
811 1867 846 1931 in
866 1868 1019 1947 aoristum
1044 1868 1165 1957 relinge
1184 1880 1217 1934 et
1238 1870 1255 1955 §
1276 1874 1305 1934 3.
1330 1866 1466 1946 κέμκπος

293 1974 378 2052 κύπῷ
402 1971 454 2035 nol
480 1970 616 2052 ψόμμον
640 1972 866 2047 οόνκπέπλκςιιι
884 1958 919 2036 τό
941 1972 1027 2051 ςόμκ
1048 1974 1112 2051 πὺξ
1133 1976 1171 2047 ὥς
1189 1976 1260 2058 όρρῖς
1283 1971 1469 2052 πκτκχόέν-

294 2098 346 2148 πος
368 2077 398 2147 ές
416 2077 472 2149 τὴν
492 2076 603 2153 ννόόον
626 2064 841 2143 animadverte
854 2064 1102 2167 ⁸compositionis
1122 2078 1316 2143 scabritiem:
1336 2086 1373 2142 ut
1388 2074 1467 2140 haec

293 2180 377 2244 bene
408 2178 493 2243 dicta
524 2180 587 2245 siut
614 2202 759 2270 expungo
789 2183 873 2263 κύτῷ
902 2194 934 2247 et
962 2182 1032 2272 lege
1059 2185 1240 2264 πκτκχόεὶς
1264 2186 1320 2259 τὴν
1342 2181 1466 2262 γνόόον.
1511 2233 1513 2236 .

292 2284 405 2351 Graeci
435 2283 547 2349 dicunt
575 2286 743 2364 βέβυσμκι
767 2286 802 2351 πό
827 2286 929 2365 ςόμκ,
955 2287 1208 2367 όνκπέπλκομκι
1237 2290 1273 2353 πό
1294 2288 1379 2367 ςόμκ
1409 2308 1470 2377 pro

291 2390 355 2471 ἔχει
380 2390 415 2454 τό
440 2388 526 2468 ςόμοι
551 2389 768 2468 βεβυσμένον,
794 2387 961 2454 νὶνιόπλεοιν
985 2402 1017 2455 et
1042 2391 1131 2471 sim.‚
1165 2404 1200 2457 ut
1226 2392 1384 2473 τέτρωμαι
1412 2393 1469 2465 τὴν

290 2488 453 2576 κε’φοιλόν,
478 2494 665 2573 πεπήρωμαι
686 2500 742 2567 οῦν
766 2500 876 2573 χεῖρον,
903 2495 1139 2591 έμπεπόδισμκι
1163 2498 1205 2561 τὼ
1229 2496 1303 2561 πόδε
1334 2508 1366 2561 et
1395 2519 1470 2585 pas·

293 2599 351 2665 sim
374 2598 519 2663 similiter
537 2598 569 2662 in
589 2599 720 2663 coeteris
741 2598 882 2687 corporis
902 2599 1056 2688 partibus.
1090 2598 1144 2666 Sic
1160 2600 1279 2665 dicitur
1299 2602 1468 2680 νόπεπμόόκ

284 2707 348 2787 Ιπιέν
368 2702 529 2785 κεφνιλὶιν,
550 2703 693 2780 ἀπεκόπη
712 2704 767 2777 τὴν
786 2701 906 2780 δεξιόν,
930 2703 1081 2780 ἐξεκόπην
1099 2707 1150 2771 τόν
1167 2705 1348 2788 όφόκλμόν,
1369 2706 1468 2781 ε’πλό-

181 2882 191 2898 ·
260 2855 264 2869 .
291 2834 352 2891 γνν
378 2810 429 2873 τὸν
459 2804 557 2887 ὦμον,
583 2810 735 2889 ε’ξοτμόόκ
761 2810 816 2884 τὴν
841 2817 1012 2889 γλῶτταν,
1040 2811 1261 2894 διεφθαρμένος
1286 2813 1321 2877 πὸ
1340 2818 1465 2890 κῶμοι,

290 2910 542 2995 περιτετιλμένος
567 2914 609 2978 τός
633 2913 753 2995 πτεροό,
787 2924 819 2979 et
851 2913 922 3004 quis
950 2936 1017 2979 non
1046 2915 1232 2981 recordatur
1257 2915 1467 3006 pulcherrimi

290 3019 355 3085 loci
381 3018 614 3085 Danosrrrns
634 3042 703 3111 pro
732 3019 861 3085 Corona
890 3044 921 3111 p.
943 3025 1019 3087 247.
1052 3022 1145 3103 ἑώρων
1171 3022 1222 3085 τόν
1249 3021 1404 3087 Φίλιππον
1429 3058 1468 3077 -

288 3127 339 3207 τόν
367 3125 533 3206 tutamen
557 3124 802 3203 ἐκκεκομμένον,
834 3127 890 3200 πῖον
917 3134 1006 3191 κλεῖν
1034 3124 1240 3202 κοιτεκμότιι,
1269 3126 1324 3199 πέμ
1348 3137 1464 3210 χεῖρον,

287 3232 322 3296 πὸ
351 3230 460 3300 σκέλος
496 3230 725 3311 πεπηρωμένον.
785 3228 982 3320 Conquiram
1013 3230 1151 3320 paucula
1181 3251 1198 3294 e
1226 3229 1395 3313 Locutio,
1430 3247 1466 3299 ut

289 3332 409 3399 Lrslau
430 3331 586 3398 laboranti
606 3356 799 3416 succurram.
847 3337 948 3402 Recte
968 3337 1086 3426 legitur
1107 3341 1159 3416 41,
1182 3341 1231 3402 10.
1256 3336 1334 3414 ἥδιον
1354 3337 1393 3403 όιν
1411 3364 1463 3419 μοι

288 3439 362 3502 δοκῶ
385 3440 603 3518 νόποτμνρόῆνκι
629 3441 685 3514 τὴν
708 3441 824 3519 δεξιόν.
856 3445 874 3527 §
900 3444 951 3508 11.
976 3447 1010 3507 οὐ
1034 3445 1090 3517 τὴν
1113 3443 1218 3519 δεξιόν
1244 3440 1345 3523 ὥσπερ
1373 3446 1462 3522 ὑμεῖς

288 3542 378 3606 οέλλόι
399 3543 454 3615 τὴν
479 3549 629 3621 γλῶππκν
649 3547 868 3623 νόποπμηόῆνκι
888 3546 997 3612 κοιλόν.
1024 3549 1109 3631 §35.
1133 3545 1311 3623 πῆς.δεξινῖς
1329 3549 1463 3630 πεφρόν-

289 3669 380 3716 τικνις
404 3647 447 3724 μὴ
469 3647 683 3737 ρέποπμκόεόκς
710 3652 818 3726 κόπήν.
846 3654 863 3736 §
887 3654 940 3716 62.
964 3650 1106 3732 ὁπότερον
1128 3654 1214 3728 ἡμῶν
1238 3651 1264 3726 ἢ·
1279 3653 1336 3721 olo
1355 3656 1461 3731 γλῶτ-

289 3774 349 3815 τκν
382 3750 397 3825 ἢ
426 3753 481 3827 τὴν
512 3752 615 3828 δεξιόν
644 3755 884 3833 οὶποπεπμῆσόκι
918 3755 989 3821 δέοι.
1021 3768 1053 3820 ct
1078 3758 1095 3841 §
1117 3760 1172 3820 63.
1205 3766 1237 3819 et
1267 3756 1311 3821 sie
1341 3768 1460 3826 veteres

292 3878 399 3921 omnes
428 3866 610 3920 constanter
637 3855 727 3945 loqui
759 3858 888 3924 ridebis.
938 3858 1033 3924 Certa
1052 3861 1149 3950 igitur
1170 3860 1327 3926 medicina
1350 3886 1460 3930 emen-

289 3961 417 4027 dabitur
433 3961 523 4026 locus
545 3960 665 4027 Lusias
678 3962 737 4043 vt,
749 3968 801 4030 26.
826 3970 857 4030 οὐ
875 3964 965 4045 μόνον
988 3966 1045 4031 τόν.
1059 3968 1190 4055 όρόνκτον
1205 3968 1354 4047 ἐφοβεῖτο
1370 3970 1459 4036 κ’λλόν

240 4062 251 4079 ’
284 4067 338 4133 uel
372 4067 415 4131 τόν
448 4069 517 4131 κοιό’
552 4067 668 4153 ἡμέριον
698 4068 878 4149 κίκίσμοιπκ
910 4070 1044 4147 οἰόμενος
1072 4071 1115 4134 τός
1141 4070 1317 4150 οέκροιπνόρικ
1350 4073 1459 4153 ζῶντος

283 4171 577 4257 οὶπνπμκόήοεσόκι,
612 4172 677 4237 imo
707 4196 781 4239 vero
811 4166 884 4256 ζῶν,
917 4198 992 4239 nam
1019 4176 1181 4247 τεόνεῶτος
1212 4174 1246 4237 in
1270 4198 1307 4239 ea
1328 4176 1459 4243 referri

282 4288 406 4368 potest,
439 4276 548 4357 ζῶντος
580 4299 643 4342 uon
670 4290 786 4369 potest.
834 4279 1022 4345 Rectissime
1046 4278 1125 4344 dixit
1145 4278 1329 4346 Xunoruou
1349 4283 1458 4349 Λιιοιό.

282 4382 308 4448 Ι.
329 4402 359 4448 x.
383 4386 411 4447 1.
446 4384 582 4447 ἕντοιῦόοι
614 4386 649 4460 δὴ
682 4387 778 4467 Κόρου
811 4385 1027 4465 ἀποτέμνει-ιιι
1055 4388 1071 4461 ἡ
1103 4386 1232 4467 κεφοιλίρ
1258 4385 1311 4449 eorl
1341 4386 1412 4466 χεὶρ
1439 4390 1456 4463 ἡ

282 4487 370 4581 δεξιοί
395 4499 427 4553 et
448 4499 559 4553 eontra
578 4486 627 4555 ΙΙ.
643 4509 686 4555 ιι,
707 4494 759 4555 29.
782 4492 935 4557 οέπέόκνον
956 4490 1119 4571 Κλέκρχος
1143 4490 1195 4553 nol
1219 4490 1246 4553 οἱ
1269 4478 1361 4555 όιλλοι
1382 4514 1458 4574 ςρκρ

281 4592 372 4671 πκγόι
394 4592 631 4673 όποπμκόέντες
655 4595 714 4667 τόις
741 4595 908 4676 κεφκλνός,
943 4617 1060 4683 nempe
1087 4593 1150 4658 hoe
1177 4592 1274 4657 modo
1299 4592 1338 4661 do
1357 4598 1461 4674 vz‘oz‘s,

281 4696 340 4761 illo
362 4696 626 4764 demortuorum
645 4698 863 4764 cadaveribus
882 4697 1112 4791 loquebantur,
1135 4697 1168 4761 in
1189 4720 1252 4786 qua
1273 4720 1306 4766 re
1326 4715 1458 4790 apparet

1201 4803 1256 4855 os*
