3767 5717
876 617 942 684 ³83
1034 635 1036 641 ’

308 817 338 884 Ν
342 839 404 888 uno
423 825 592 906 postquam
609 811 688 880 haec
707 810 813 878 omnia
831 809 1001 900 diligenter
1018 809 1171 900 explicuit
1187 809 1310 877 dictum
1326 811 1486 901 oportuit:

308 931 342 990 ct
356 931 435 992 noto
456 923 538 988 daeo
556 928 654 986 erant
674 919 764 984 vobis
783 926 815 984 ct
835 920 925 984 eatis
946 916 990 981 de
1007 920 1055 982 iis
1073 940 1160 983 ονωοοο
1176 939 1227 984 me
1241 917 1373 984 demisse
1390 920 1485 984 arbi·

306 1035 391 1094 tror.
437 1026 552 1118 itaque
581 1025 758 1096 necessario
787 1021 1013 1114 corrigendum
1039 1032 1153 1106 συνῇςε
1173 1024 1231 1102 μὲν
1255 1023 1308 1090 κοί
1333 1024 1405 1105 πρίν
1427 1024 1484 1104 ἐμὲ

306 1132 430 1216 λέγειν,
457 1145 528 1226 ¹turn
553 1155 613 1223 pro
639 1131 867 1210 ὑπομιμνήσκει
889 1127 1127 1197 emendandum
1147 1127 1383 1207 ὑπομέμνηκεν,
1408 1149 1484 1194 nam
1536 1221 1545 1226 .

306 1249 372 1304 tam
402 1237 575 1306 absurdum
609 1248 656 1304 est
685 1237 913 1315 ὑπομιμνήσκει
949 1255 986 1301 nc
1014 1234 1041 1300 si
1069 1234 1141 1324 ¹quis
1165 1232 1200 1299 in
1227 1233 1285 1300 tali
1309 1255 1344 1298 re
1369 1235 1481 1308 ίκοονῶς

305 1329 390 1420 λίνω
415 1365 474 1433 pro
495 1339 602 1424 είονκνο
628 1341 734 1408 dicere
756 1339 919 1409 voluisset.
968 1338 1184 1410 Vehementer
1199 1338 1280 1407 mihi
1299 1351 1482 1429 suspectum

305 1446 437 1516 verbum
467 1461 515 1516 est
543 1448 575 1514 in
609 1445 845 1537 Oteso'plrontoo
875 1449 893 1530 §
921 1449 965 1515 82
992 1445 1095 1528 χωρίον
1121 1442 1160 1511 ὧν
1184 1446 1251 1515 οὐδὲ
1273 1446 1317 1512 τοὶ
1339 1445 1482 1526 dedicare

307 1550 390 1632 ᾖδεν
398 1576 468 1631 μεν
497 1552 659 1634 πρότερον,
692 1574 766 1624 nam
795 1551 908 1634 ᾔδεμεν
931 1551 1044 1640 utique
1066 1549 1220 1641 scripturn
1240 1551 1401 1641 oportuit,
1420 1551 1483 1616 ita-

304 1675 368 1743 que
395 1654 515 1738 ᾖσμεν.
550 1670 586 1724 ut
612 1657 696 1748 apud
720 1657 982 1734 trrrrnorrnr,
1001 1655 1179 1745 genuinum
1198 1677 1266 1725 csse
1287 1654 1394 1724 oredo.
1445 1654 1481 1721 in

303 1761 416 1830 codem
446 1765 588 1830 oratioue
617 1769 635 1852 §
671 1767 734 1830 175
765 1765 790 1828 εί
820 1763 878 1841 μὲν
913 1762 977 1842 γὰρ
1013 1765 1130 1842 ἠρνεῖτο
1159 1763 1204 1840 μὴ
1234 1762 1333 1834 δειλὸς
1359 1758 1480 1838 cinari)

304 1865 394 1943 ὑμεῖς
423 1870 468 1946 μίν
498 1870 702 1951 σννῄδεοπε
730 1868 814 1948 αὐτῷ
834 1867 996 1947 διατριβὴν
1021 1866 1035 1930 ὂ
1058 1865 1152 1944 λίνος
1177 1866 1216 1934 ἄν
1245 1889 1297 1943 μοι
1321 1865 1482 1946 παρέσχεν

303 1969 337 2036 id
359 1970 471 2061 ipsum·
485 1972 709 2064 reponendum
729 1993 862 2051 censeo,
886 1969 976 2062 quod
997 1970 1032 2037 in
1054 1969 1255 2036 Timarctea
1274 1993 1375 2060 paene
1396 1971 1482 2036 inte-

305 2097 397 2164 grum
423 2078 522 2144 erasit
550 2087 677 2160 σννῇςε,
703 2099 778 2142 narn
798 2076 945 2160 συνῄδετε
965 2069 1226 2143 fortasse'dicere
1244 2075 1368 2165 potuit,
1390 2080 1482 2159 συνῄ-

302 2184 384 2250 δεοσε
406 2207 470 2250 non
490 2181 616 2275 potuit,
640 2183 712 2249 ride
733 2184 932 2252 Enusnrruu
947 2183 988 2250 ad
1007 2185 1245 2254 Ansamenses
1264 2207 1307 2251 rs.
1325 2186 1408 2260 323,
1425 2182 1482 2273 qni

304 2288 395 2356 affert
419 2309 461 2356 ex
486 2290 663 2356 Ennrrrnrs
684 2289 835 2356 Bacchis
860 2313 901 2356 rs.
929 2293 1026 2357 1343.

479 2393 532 2473 ὄψ’
557 2394 682 2472 ἐμάθεθ’
705 2397 810 2472 ἡμᾶς,
837 2390 889 2458 ὅτε
913 2395 939 2459 δ’
963 2396 1058 2476 ἐχρῆν
1082 2397 1137 2460 οὐκ
1159 2396 1273 2477 ᾔδετε,

304 2515 401 2582 quum
422 2495 611 2586 scripturam
632 2499 801 2564 confirmat
820 2497 1005 2564 testimonio
1026 2497 1290 2566 >intimaremus
1309 2497 1356 2586 (in
1376 2495 1482 2563 Bm.

301 2599 425 2664 Anccd.
444 2621 474 2688 p.
492 2605 551 2679 98,
575 2605 627 2685 td>
648 2601 804 2677 ίίδεσωέο
823 2602 991 2681 Εὐριπίδης
1003 2601 1165 2682 Βάκχοιο,
1182 2625 1256 2669 nant
1270 2603 1360 2684 ᾔδετε
1375 2624 1484 2669 rerum

301 2723 378 2770 esse.
425 2703 487 2770 Hic
516 2704 584 2794 ipse
612 2705 703 2772 locus
732 2704 929 2772 demonstrat
960 2725 1057 2794 quam
1086 2727 1156 2770 rara
1182 2706 1302 2772 fuerint
1320 2706 1384 2775 iarn
1404 2707 1484 2775 olim

302 2808 397 2878 huius
424 2811 545 2880 formae
565 2811 728 2901 erernpla,
754 2822 789 2876 ut
813 2811 980 2878 Atticistae
1002 2810 1234 2879 contenderent
1255 2811 1378 2878 Atticos
1397 2835 1481 2880 sem·

300 2937 358 3004 per
387 2915 501 2981 dixisse
527 2911 644 2996 ᾖσμεν,
677 2911 733 2996 ᾖσε
755 2926 787 2980 et
807 2912 905 2997 ἧσσον,
932 2915 1051 3004 quibus
1070 2913 1267 2981 adversarius
1289 2937 1388 2981 unum
1407 2928 1481 2981 tan-

300 3035 369 3089 tum
399 3022 506 3090 locum
541 3045 578 3088 er
611 3021 787 3112 Tragoedia
818 3043 981 3112 opponere
1012 3021 1129 3112 potuit.
1176 3021 1283 3088 Etiam
1311 3020 1391 3087 alibi
1418 3020 1479 3089 hae

299 3130 421 3197 formae
442 3129 625 3220 perierunt,
649 3141 684 3194 ut
707 3128 741 3194 iu
766 3128 945 3194 Ennlernrs
967 3127 1170 3194 Heraclr'die
1195 3150 1239 3196 rs.
1264 3131 1342 3196 658.
1415 3199 1419 3206 ,

657 3236 711 3299 οὐκ
735 3233 834 3312 ίσμεν-
850 3236 941 3312 ἡμεῖς
966 3237 1095 3306 τοῦτον,

292 3353 383 3408 recte
410 3339 617 3406 Hnuuannus
646 3335 744 3420 ᾖσμεν
765 3339 925 3429 reposuit,
949 3350 982 3406 et
1001 3349 1076 3404 sunt
1100 3338 1198 3404 etiam
1217 3338 1296 3418 alia,
1320 3338 1375 3404 sed
1394 3338 1486 3409 haec

296 3445 442 3510 sufficere
470 3465 556 3508 nunc
583 3441 732 3508 ridentur
760 3444 799 3508 ad
831 3441 1117 3509 demonstrandum
1144 3456 1231 3510 recte
1256 3444 1342 3534 apud
1365 3445 1477 3515 Χιλω-

299 3565 456 3616 Puonnu
473 3546 577 3613 ποίλοοο
598 3541 655 3628 isi
670 3547 800 3613 rescribi
816 3571 908 3639 posse
927 3559 960 3614 et
975 3547 1109 3625 debere,
1127 3570 1267 3637 namque
1284 3562 1349 3617 tam
1364 3575 1476 3622 neces-

297 3653 415 3722 sarium
442 3674 509 3718 esse
536 3650 762 3742 imperfectum
780 3655 958 3730 sciebatis,
980 3663 1080 3740 atque
1099 3651 1133 3717 in
1160 3652 1368 3722 Oeconomico
1387 3658 1477 3740 xlx,

300 3762 339 3825 17
360 3756 463 3823 ποίλωο
486 3779 531 3822 σοι
551 3753 677 3834 ἔλεγον,
697 3767 730 3822 et
748 3779 841 3847 snepe
862 3756 958 3822 alibi:
978 3755 1083 3823 ποίλοω
1101 3757 1206 3836 λέγω,
1226 3760 1331 3828 ποίλοοο
1353 3763 1471 3843 ε’μωπω,
1522 3754 1525 3760 ’

295 3874 327 3928 et
353 3862 422 3928 sirn.
451 3859 602 3927 dicuntur
629 3860 669 3926 ab
698 3883 755 3940 eo,
780 3861 837 3952 qui
863 3885 971 3928 morea
998 3862 1168 3952 impatiens
1191 3864 1334 3954 postulat
1355 3880 1390 3932 ut
1409 3869 1471 3936 ali·

294 3965 426 4058 quondo
438 3964 587 4034 rudiatur
597 3977 652 4030 aut
665 3976 700 4032 ut
711 3967 770 4034 sibi
784 3967 912 4036 tandem
923 3969 1173 4058 respondeatur,
1188 3970 1268 4036 utin
1280 3972 1384 4040 Pluto
1394 3979 1471 4046 261.

289 4106 293 4116 v
360 4083 363 4088 '
404 4071 508 4142 οὔκουν
531 4070 635 4137 ποίλων
659 4072 756 4148 δήπου
779 4073 881 4158 λίνω,
906 4075 946 4140 σίν
968 4077 995 4140 δ’
1019 4076 1115 4147 ωὐτὸς
1138 4078 1192 4142 οὐκ
1213 4077 1347 4151 eiusdem.

293 4177 332 4249 In
353 4181 372 4264 §
393 4181 436 4246 28
458 4177 673 4268 Apollodorus
694 4179 733 4246 ad
755 4177 920 4246 Socratem
938 4179 984 4246 ita
1002 4179 1099 4248 dicits
1127 4181 1218 4247 ἀλλὰ
1238 4186 1324 4248 τοῦτ’
1347 4184 1468 4273 ἔγωγε,

291 4282 313 4350 ὦ
333 4287 523 4364 Σοίκροοσεο,
544 4287 769 4364 χωλεπώπωσοο
788 4286 871 4368 Φὲμω
891 4283 937 4352 ίσο
957 4286 1011 4368 ὁρῶ
1029 4309 1065 4351 σε
1084 4286 1196 4358 οίδίκωο
1220 4289 1467 4365 ἀποθνήσκοντι.

291 4388 351 4460 cni
381 4389 451 4460 itte:
486 4390 524 4454 σὺ
555 4391 602 4468 δὲ,
635 4387 656 4456 ὦ
681 4391 824 4473 Φίλτωσε
851 4391 1088 4472 Ἀπολλόδωρε,
1121 4395 1247 4470 μᾶλλον
1272 4392 1311 4460 ἂν
1334 4397 1467 4473 ἐβούλου
1541 4386 1545 4397 ’

286 4520 343 4574 με.
360 4496 431 4578 ὁμοῖν
462 4495 585 4568 δοωωίως
622 4495 653 4584 [ἢ
682 4496 808 4585 ἀδίκως]
836 4498 1094 4572 ἀποθνήσκοντος
1118 4508 1266 4587 potestne
1286 4499 1466 4590 quidquam

290 4621 368 4674 esse.
390 4601 573 4692 languidius
603 4613 635 4669 et
665 4603 706 4668 ab
736 4602 797 4670 hac
830 4603 951 4670 urbana
980 4603 1122 4668 oratione
1148 4604 1284 4673 alienius
1318 4629 1416 4696 quam
1443 4610 1462 4686 ἢ
1563 4651 1565 4653 >

249 4711 251 4715 ’
288 4705 399 4780 ἀδίκως
427 4709 473 4778 aio
500 4707 674 4780 additum?
721 4707 760 4778 ln
789 4712 808 4794 §
836 4713 879 4778 29
904 4708 1037 4776 ’Ἄνωσον
1072 4708 1226 4789 πωροόνποο
1261 4711 1328 4778 nov
1355 4709 1461 4783 εἶπεν·
