3767 5717
839 639 881 700 85

267 816 372 897 anton
404 833 496 880 suam
521 811 669 900 qrrodque
703 817 824 876 certam
855 809 963 878 sedem
986 807 1126 890 liabent,
1160 817 1196 874 ut
1222 811 1252 876 ἐν
1269 812 1392 894 scarpi,
1423 813 1455 887 le

267 922 382 990 τοοτδν
412 929 445 987 et
479 922 514 985 ἐκ
544 923 682 993 savard,
711 934 794 1002 quae
825 934 957 1002 prorsus
989 913 1073 981 idem
1104 913 1297 999 significant.
1345 917 1458 1004 ltaque

267 1030 343 1096 ἰένοοι
366 1035 399 1093 et
421 1033 532 1109 χωρεῖν
555 1023 649 1104 ὁμόσε
674 1021 826 1090 Graecum
844 1029 916 1098 est,
945 1019 999 1088 sed
1027 1023 1103 1101 ὁμοῦ
1134 1016 1211 1086 εἶναι
1236 1029 1267 1086 el
1296 1023 1458 1108 corrigen-

267 1134 345 1200 dum
368 1135 443 1212 ὁμοῦ
467 1129 547 1197 ὦσον.
595 1127 737 1194 Subinde
760 1136 915 1214 apparent
938 1127 1135 1213 composita,
1157 1124 1251 1211 quale
1279 1134 1328 1193 est
1355 1144 1460 1195 λειπο·

266 1244 457 1323 ψυχοῦντοε,
490 1243 549 1313 10,
575 1238 639 1308 14,
669 1239 700 1298 li.
733 1230 932 1308 λειποταξίου
958 1238 1021 1310 47,
1056 1237 1119 1308 15,
1149 1231 1311 1305 decalvatae
1338 1237 1401 1308 16,
1427 1239 1458 1300 3.

267 1346 368 1412 Nemo
400 1341 559 1428 improbat
590 1345 652 1416 10,
674 1342 731 1414 11,
769 1342 822 1403 11.
853 1335 1068 1419 νεκροδοχεῖα,
1092 1334 1302 1419 ἕροβροοδόχον
1334 1341 1400 1412 54,
1426 1341 1458 1406 6.

269 1447 466 1531 ψυχροδόχον
493 1451 556 1522 55,
578 1449 607 1509 7.
631 1442 830 1524 ἐξενοδόχνρνε
851 1443 911 1520 58,
934 1447 988 1507 47.
1013 1440 1141 1506 similla.

316 1554 357 1619 Ut
380 1551 465 1639 apud
490 1551 721 1626 Acerranorum,
742 1548 789 1612 sic
821 1546 907 1633 apud
932 1547 1091 1614 boeticum
1116 1543 1285 1630 aliquoties
1310 1544 1461 1624 confusae

271 1667 347 1724 sunt
379 1656 500 1722 formae
525 1653 670 1721 dualium
690 1661 723 1720 et
746 1671 841 1738 saepe
864 1660 935 1718 τοῖν
963 1653 1048 1717 θεοῖν
1079 1651 1216 1736 legitur,
1242 1651 1370 1737 saepius
1386 1659 1461 1718 τοῖν

269 1770 373 1844 χεροῖν
394 1770 427 1828 et
451 1761 617 1828 similiter:
642 1759 782 1847 turpiter
802 1763 868 1834 lii,
894 1760 925 1823 6.
946 1757 999 1823 δύο
1029 1755 1092 1839 peip
1117 1757 1183 1826 ε’ςον
1206 1755 1306 1844 (δώ),
1330 1749 1365 1822 οἳ
1388 1758 1461 1840 πρὸς

271 1869 327 1943 τὴν
359 1868 513 1952 ῥητορικὴν
537 1862 671 1946 ἄγετον,
695 1863 750 1932 ubi
770 1862 793 1930 d
815 1883 873 1950 pro
895 1859 935 1928 οἵ
951 1861 1198 1930 emendandum.
1246 1863 1341 1928 Peius
1363 1864 1461 1930 etiam

272 1972 402 2039 habitus
423 1981 472 2038 est
498 1971 587 2038 locus
609 1976 670 2045 lli,
699 1973 753 2036 11).
786 1973 831 2049 μὴ
867 1970 972 2050 διείρεο
995 1971 1038 2034 τὼ
1061 1967 1184 2050 τέχναι,
1211 1966 1272 2047 (cla
1307 1967 1370 2052 γάρ
1394 1970 1462 2040 ε’ςον

271 2079 317 2144 id'
337 2075 413 2144 εἶνοοο
441 2079 605 2154 δοκοῦσαι,
640 2076 674 2142 in
703 2072 817 2142 mullis
851 2073 943 2140 libris
973 2075 1015 2140 cd
1043 2073 1160 2151 evasit,
1189 2074 1223 2138 in
1252 2075 1389 2140 caeteris
1417 2073 1461 2140 τοὶ

269 2183 372 2266 rixae
401 2192 470 2260 est,
501 2183 534 2248 in
570 2199 633 2268 quo
665 2179 755 2248 ireos
786 2186 940 2259 tenetur,
975 2187 1009 2244 at
1040 2179 1179 2245 δοκοῦνοε
1210 2179 1350 2258 interiit,
1377 2178 1463 2266 quod

270 2290 363 2375 prius
380 2291 414 2354 in
437 2287 568 2356 δοκούοοο
582 2285 670 2362 abiit,
691 2284 776 2352 unde
798 2288 939 2353 δοκοῦοοοο
961 2292 1085 2352 uatum.
1111 2285 1259 2352 Tertium
1279 2284 1461 2371 exemplum

270 2402 322 2460 est
341 2401 406 2472 41,
435 2399 489 2461 15.
508 2392 564 2458 ubi
586 2395 701 2458 οὐοοῖν
725 2393 867 2458 occurrit
888 2412 945 2478 pro
963 2393 1080 2456 οὐτοϊν.

315 2502 423 2581 Εὑρεῖν
442 2508 475 2566 et
496 2498 632 2580 εὑρέοθοοι
653 2499 813 2583 permixta
836 2507 914 2562 sum
942 2503 976 2562 et
998 2494 1073 2562 alibi
1098 2502 1130 2561 et
1156 2499 1220 2572 68,
1246 2500 1297 2562 16.
1321 2493 1375 2561 ubi
1394 2490 1462 2576 εὗρε

267 2604 308 2668 sd
333 2605 366 2669 in
398 2602 501 2684 εὕρετο
532 2610 632 2667 coeat.
681 2605 771 2687 Quae
793 2601 937 2667 diximus
966 2599 1007 2665 de
1031 2599 1143 2666 lormis
1172 2602 1204 2665 in
1238 2623 1301 2680 -ροοο
1325 2598 1462 2686 penulti-

268 2725 359 2772 mam
380 2707 465 2792 apud
488 2714 612 2772 veteres
636 2703 885 2790 producentibus
913 2712 1055 2788 arguunt
1083 2721 1223 2773 errorem
1259 2705 1290 2768 ic
1315 2703 1463 2786 οὶρόμοοτοο

273 2815 335 2887 54,
363 2814 481 2890 11γο1
510 2810 542 2876 δὲ
571 2809 733 2891 περιελθὸν
762 2809 805 2875 τὰ
830 2808 1004 2889 atalpero,
1028 2827 1124 2893 quam
1152 2807 1358 2876 deterrimam
1384 2810 1462 2875 scri·

273 2922 407 3001 pturarn
446 2916 571 3002 primus
608 2915 731 2980 iuverit
762 2914 975 2990 lacoanzms,
1006 2931 1102 2998 quem
1134 2911 1293 2980 brunerus
1319 2914 1467 3000 aequitum

270 3041 378 3106 neque
410 3020 589 3105 analogiam
627 3021 776 3086 &ccccm
806 3019 981 3104 respiciens
1010 3035 1113 3104 nequo
1144 3037 1238 3084 usum
1269 3019 1464 3099 Atticorum,

271 3145 371 3211 quem
395 3127 522 3213 aperuit
547 3124 785 3192 Grammaticus
806 3124 840 3188 in
861 3123 963 3209 ipsius
987 3123 1101 3190 dcccd.
1128 3124 1152 3190 1.
1165 3143 1196 3210 p.
1211 3129 1293 3200 450,
1312 3129 1367 3191 11.
1389 3127 1465 3208 aad·

271 3255 386 3309 μοοτοοε
410 3235 443 3298 οὐ
473 3231 517 3297 τοὶ
548 3229 736 3310 lupicinum
763 3227 854 3294 ἀλλὰ
881 3228 1358 3312 salmanticensem.
1387 3230 1463 3299 Pac.

275 3341 385 3414 1158,
422 3336 478 3401 ubi
510 3336 543 3400 in
574 3334 706 3402 scholiis
738 3341 787 3399 est
816 3333 986 3414 οορόρεοοο
1015 3333 1245 3401 Graeculorum
1277 3355 1387 3413 more,
1407 3335 1465 3422 qui

272 3441 384 3521 πόροοο,
409 3441 513 3521 δόμον,
533 3438 667 3522 εὕρεμα,
689 3437 828 3518 ἄνθεμον,
851 3437 969 3518 ladano
990 3439 1094 3505 media
1114 3438 1202 3506 brevi
1223 3439 1374 3506 dicebant
1396 3459 1463 3506 om·

273 3565 332 3612 nes
355 3559 389 3613 et
411 3549 443 3612 in
465 3546 551 3612 bunc
577 3545 708 3611 modum
727 3543 978 3629 corrumpebant
1001 3543 1198 3630 exemplaria
1214 3552 1379 3618 vetorum,
1407 3546 1464 3632 qui

270 3650 376 3733 ἄροσις
401 3651 550 3717 dicebant
573 3659 603 3717 el
628 3652 738 3731 ἆροτήρ
769 3647 824 3714 sed
854 3647 987 3729 ἄρωριοο,
1015 3656 1051 3714 ut
1075 3649 1185 3725 πόσος,
1210 3649 1319 3726 ποτόν,
1343 3651 1464 3730 συμπό-

270 3779 328 3830 της
354 3757 410 3823 sed
439 3763 558 3833 πῶροοο,
581 3771 777 3840 quamquam
803 3771 889 3818 nunc
924 3753 1069 3838 plerique
1100 3770 1211 3819 omnes
1239 3755 1330 3834 ardna
1362 3757 1465 3824 coacti

271 3868 350 3924 sunt
374 3861 493 3927 dicere.
542 3859 587 3925 Ne
622 3859 777 3926 Lucrinus
808 3857 938 3943 quidem
962 3866 994 3924 et
1023 3857 1172 3945 aequales
1199 3859 1232 3924 in
1255 3879 1293 3926 ea
1318 3879 1353 3927 re
1377 3861 1466 3929 dese,

271 3965 380 4031 ruisse
401 3967 608 4051 antiquorum
634 3965 859 4031 auctoritatem
875 3963 1001 4030 docebit
1026 3965 1247 4050 paronomasia
1271 3971 1333 4044 at,
1357 3971 1412 4034 10.
1429 3968 1466 4034 in

270 4075 371 4148 νοῶροοο
391 4081 425 4138 et
451 4077 579 4150 οοτῶμοο.
627 4069 718 4137 Alius
736 4088 827 4135 error
853 4069 886 4134 in
910 4089 947 4136 re
970 4069 1080 4136 eadem
1105 4072 1323 4140 committitur
1346 4077 1408 4153 te,
1433 4080 1462 4140 1.

271 4174 305 4237 in
324 4184 474 4257 χρῑομοο,
499 4178 615 4261 inquo
643 4184 735 4240 retus
757 4175 923 4241 Graeeilas
940 4184 973 4241 et
993 4176 1118 4240 novicia
1141 4176 1341 4256 miscentur,
1365 4179 1468 4261 κέχρι-

271 4303 333 4355 μοι
354 4284 461 4348 mediu
486 4282 581 4367 longa
607 4282 864 4366 antiquonum,
890 4280 1060 4363 κε’χριομοοο
1084 4290 1232 4368 correpta
1262 4284 1362 4352 vocali
1381 4284 1468 4350 nori·

272 4383 381 4462 cium,
409 4389 519 4474 itaque
537 4396 642 4470 χρῑμοο
666 4394 810 4465 veteres,
840 4387 965 4467 χρίομοο
989 4386 1136 4454 dicebant
1158 4390 1321 4475 sequiores
1349 4396 1382 4454 et
1396 4397 1467 4470 χρῖ-

271 4510 342 4565 cpe
364 4493 447 4560 nibil
470 4502 531 4560 est.
579 4493 748 4560 Caeterum
764 4493 798 4557 in
823 4499 1016 4557 accentuum
1038 4493 1161 4559 ratione
1185 4496 1311 4560 Lucrini
1331 4492 1469 4560 editores

272 4591 355 4659 nibil
384 4617 580 4685 magnopere
613 4603 804 4664 'erraverunt
829 4595 914 4683 quod
946 4597 989 4659 sit
1022 4615 1136 4682 operae
1164 4599 1305 4684 pretium
1328 4597 1465 4665 referre:

272 4700 477 4781 saepiuscule
520 4710 697 4790 peccarunt
728 4701 922 4788 negligentia
947 4699 1099 4768 adversus
1125 4722 1179 4780 ea,
1210 4721 1292 4788 quae
1318 4704 1377 4791 ipsi
1405 4725 1467 4772 non
