3767 5717
847 633 884 694 81

286 811 344 883 24,
380 809 410 871 4.
430 805 511 888 φασὶ
537 804 776 885 πυρεταίνοντάς
798 829 884 880 τινας
909 807 968 883 ἤδη
998 806 1177 874 πεπαῦσθαι
1205 805 1271 870 ἀπ’
1296 805 1392 871 αὐτοῦ
1412 823 1467 890 piru

285 910 510 994 πνρέππονπαςε
536 917 626 976 certa
648 909 736 979 labes
754 920 810 999 ‚est
840 919 872 978 et
901 911 1027 979 Editori
1051 910 1200 999 pudenda
1227 911 1260 976 in
1284 911 1341 976 ἀπ’
1372 913 1468 976 αὐτοῦ

285 1037 343 1104 pru
367 1018 420 1082 ὑπ’
450 1018 557 1080 αὐτοῦ.
582 1035 624 1080 ne
650 1015 709 1081 buc
733 1016 862 1102 quidem
892 1017 1023 1083 Lucieno
1058 1025 1106 1083 est
1137 1015 1364 1103 imputandum
1386 1013 1474 1100 quud

286 1119 451 1209 praecedit
475 1120 594 1185 ἔπαυσε
625 1120 942 1203 periermeniarum
969 1124 1093 1197 αὐτούς.
1126 1123 1153 1187 si
1177 1121 1295 1188 ἔπαυσε
1330 1119 1472 1186 dedisset

285 1229 515 1308 λοιμώττονπας
547 1223 741 1304 addidisset,
771 1227 858 1294 dedit
885 1229 1019 1303 ἐποίησε.
1078 1226 1309 1312 Corrigendum
1334 1233 1404 1294 erat
1428 1228 1471 1304 8,

289 1336 355 1410 22,
374 1338 402 1396 1.
433 1331 622 1405 παιδοποιεῖς
646 1331 680 1395 in
706 1333 901 1409 παιδοποιεῖ,
925 1353 1000 1398 num
1020 1339 1205 1400 constanter
1228 1330 1471 1397 παιδοποιεῖσθαι

287 1435 445 1502 dicebant.
470 1434 550 1501 bisie
566 1435 726 1502 bernerus
747 1439 888 1504 servarit
909 1443 969 1517 bs,
992 1441 1044 1504 29.
1070 1447 1101 1503 et
1126 1438 1188 1513 411,
1208 1442 1261 1503 15.
1288 1437 1338 1502 ἐπὶ
1361 1433 1471 1518 ξενία

288 1539 419 1606 ἐκοίλονν
446 1548 479 1605 οι
496 1540 547 1606 ἐπὶ
575 1539 681 1625 ξενία
707 1565 743 1607 πε
765 1547 942 1622 καλοῖμεν,
967 1561 1049 1628 quae
1072 1544 1252 1629 scriptura,
1277 1557 1477 1628 quamquam

235 1680 238 1693 ·
288 1644 467 1711 sexcenties
489 1644 533 1731 ¹‚in
558 1644 722 1711 codicibus
744 1649 905 1726 recurrit,
935 1645 1105 1714 manifeste
1132 1646 1269 1715 absurda
1304 1653 1362 1712 esi.
1411 1644 1474 1726 Qui

288 1749 384 1814 ciuem
406 1749 444 1814 ad
462 1767 593 1815 coenam
618 1758 710 1818 vocat
734 1751 855 1820 dieitur
876 1753 928 1818 ίπῖ
947 1753 1065 1819 δεῖπνον
1086 1762 1216 1830 καλεῖν,
1241 1752 1296 1838 qui
1321 1749 1472 1836 hospitem

289 1862 397 1920 καλεῖν
424 1857 475 1920 ἐπὶ
500 1854 603 1931 ξένια,
627 1875 727 1942 eaque
759 1875 812 1923 res
834 1861 870 1925 πθ
896 1859 1016 1924 δεῖπνον
1044 1859 1223 1945 appeliatur
1245 1865 1277 1923 ei
1305 1856 1347 1922 τοὶ
1368 1855 1475 1933 dirue:

287 1978 380 2046 saepe
399 1959 502 2037 ξενίων
522 1968 554 2026 et
577 1959 682 2037 ξενίοις
700 1962 838 2047 iegitur:
867 1963 947 2031 nihii
971 1963 1085 2030 herum
1111 1965 1210 2030 movit
1228 1961 1386 2039 librarius,
1417 1962 1475 2047 qu'i

287 2063 354 2130 iere
378 2064 495 2151 ubique
519 2066 571 2132 ἐπὶ
601 2065 687 2151 ξενίᾳ
711 2067 788 2134 dare
810 2068 933 2135 solent:
954 2067 1142 2135 scribarum
1168 2067 1343 2135 auctoritas
1363 2065 1473 2132 doctus

287 2169 407 2248 trabit,
439 2170 524 2258 quud
548 2179 661 2238 contra
692 2174 871 2260 oportebat.
920 2174 1086 2242 Scluecum
1111 2183 1160 2241 est
1189 2181 1228 2249 1,
1259 2177 1289 2238 b.
1320 2174 1472 2255 ἑρμογλυ-

286 2275 390 2359 φεθς,
410 2297 493 2362 quae
521 2275 623 2343 ini-ma
649 2298 750 2365 aeque
779 2281 894 2347 uitiosa
922 2288 971 2347 est
1003 2301 1040 2346 ac
1072 2282 1100 2346 si
1122 2281 1195 2367 quis
1214 2279 1398 2362 ζορνραφεθς
1425 2277 1475 2344 rei

286 2383 492 2464 κοροπλαθειίς
509 2382 663 2450 voluisset
685 2384 803 2451 dicere.
856 2386 1006 2451 Graecum
1029 2398 1078 2453 est
1094 2388 1315 2469 ἑρμογλύφος,
1332 2382 1416 2470 quod
1440 2382 1479 2448 in.

286 2485 398 2552 endem
426 2487 507 2553 libro
531 2488 625 2573 paulu
657 2498 733 2555 ante
762 2498 850 2556 recte
881 2490 1011 2576 legitur.
1067 2491 1129 2556 Pru
1157 2490 1284 2574 ἔνορχιν.
1315 2493 1355 2564 8,
1378 2492 1420 2564 4,
1446 2493 1477 2554 1.

288 2598 322 2656 et
352 2589 428 2655 aiibi
464 2592 682 2676 reponendum
713 2592 819 2658 iuerat
846 2596 983 2678 ἕνθρχνρν.
1041 2595 1077 2662 In
1114 2593 1297 2679 Leaipbuue
1329 2597 1390 2669 34,
1422 2598 1475 2658 11.

288 2695 589 2778 θεοεχθρίρνοχεθείς
618 2697 712 2783 plane
737 2697 910 2762 barbarum
933 2707 1000 2776 est,
1020 2721 1039 2765 a
1063 2701 1138 2774 θεοῖς
1161 2697 1267 2780 ἐχθρός
1289 2695 1477 2763 derivabant

288 2799 501 2881 θεοισεχθρία,
521 2800 605 2886 qurnd
634 2799 719 2886 apud
742 2802 975 2868 Asrsrnrurneu
992 2811 1027 2870 et·
1042 2803 1273 2870 'liunusrarruu
1294 2800 1346 2867 vix
1362 2803 1475 2867 evasit.

289 2905 460 2971 Exstinuta
483 2912 531 2970 est
557 2923 576 2969 a
600 2905 765 2973 Graeculis
788 2906 890 2974 iurma
914 2917 1007 2975 vetus
1033 2915 1093 2988 46,
1125 2907 1178 2974 bb.
1202 2907 1260 2974 ubi
1280 2907 1410 2994 quaerit
1438 2927 1476 2974 ex

288 3009 506 3075 Icenoucurrnu
537 3009 657 3076 iurrrsn
685 3030 732 3076 ⁴an
763 3012 824 3077 sibi
845 3012 1048 3080 Athenienses
1075 3015 1111 3081 πθ
1130 3015 1306 3094 Ὀλύμπιον
1335 3012 1475 3080 θπιπελέ·

288 3138 342 3180 σαι
358 3114 562 3181 διανοοῦνταιε
587 3124 745 3201 quantum
767 3117 902 3203 periculi
921 3138 938 3183 a
963 3117 1129 3186 Graeculis
1147 3117 1329 3205 impendeat
1346 3115 1457 3184 iurmis

289 3219 461 3306 inquibus
488 3243 526 3286 ρει
549 3230 760 3298 concurrant,
777 3223 924 3290 ostendet
947 3223 1000 3291 hie
1022 3225 1112 3292 lucus
1132 3226 1167 3290 in
1190 3222 1434 3314 LeairouPaurn
1448 3245 1477 3292 v.

289 3326 474 3405 Ὀλθμπιαι
498 3327 541 3391 τοὶ
564 3329 596 3391 ἐν
618 3328 700 3411 Πίερ
721 3329 890 3408 Ὀλθμπια
920 3331 974 3398 καὶ
997 3331 1031 3397 τὸ
1051 3333 1129 3413 ἱερὸν
1149 3329 1367 3412 Ὀλθμπιον
1395 3353 1477 3397 πει·

289 3432 560 3511 πασυλλθβονς
579 3436 619 3507 οῖς
636 3438 874 3510 Ἀσκληπιεῖονε
904 3439 962 3524 qui
980 3446 1026 3502 ne
1049 3436 1103 3502 hic
1130 3435 1260 3522 quidem
1272 3436 1485 3516 ὈλυμπίειονΙ

289 3534 467 3614 dederuut,
488 3537 565 3623 quid
589 3536 665 3604 aiibi
689 3537 803 3606 iecisse
824 3541 982 3607 censeas?
1006 3541 1091 3607 Nibii
1108 3549 1158 3606 est
1175 3535 1259 3626 quod
1275 3538 1315 3605 ab
1335 3539 1398 3606 iilis
1414 3560 1484 3608 non.
1573 3544 1575 3548 ’

291 3643 536 3725 exspectaveris.
561 3642 711 3718 Scribas,
729 3645 785 3729 qni
808 3645 951 3713 seboiion
973 3647 1012 3711 ad
1039 3647 1150 3732 Odpas.
1172 3648 1198 3710 θ.
1219 3649 1293 3712 186.
1318 3643 1478 3712 deforma

290 3744 393 3810 Attica
416 3744 435 3822 ἦ
458 3765 516 3831 pro
536 3745 571 3824 ἦν
594 3748 882 3827 describebant‚in
902 3751 1051 3816 omnibus
1070 3749 1242 3836 exemplis,
1262 3749 1379 3836 quibus
1401 3749 1479 3818 baec

291 3850 438 3916 doctrina
466 3850 702 3931 confirmatur,
727 3839 830 3940 prud
852 3872 964 3921 omnes
989 3853 1025 3934 ἦν
1057 3854 1224 3922 dederunt.
1273 3855 1309 3922 ln
1341 3855 1485 3922 Burnum·

292 3955 407 4021 Λποοθ.
421 3956 445 4020 Ι.
459 3975 489 4041 p.
503 3960 587 4034 449,
599 3963 653 4023 51.
671 3961 714 4041 οίρ
722 3961 899 4041 χιερθοινε
923 3964 978 4027 οὐκ
999 3961 1165 4045 θρχιερέα,
1180 3959 1315 4028 Πλθποιν
1327 3961 1478 4046 ἕνθεκοίτιρ

290 4060 426 4140 Nuper,
451 4060 554 4138 θξεῖαν
585 4062 682 4141 μθπνν
709 4067 897 4145 ονλλαβίνε
920 4085 1024 4153 neque
1047 4067 1179 4133 librario
1212 4085 1314 4154 neque
1336 4067 1481 4135 Buranun

293 4167 328 4231 iu
347 4174 487 4233 ureirtem
505 4167 593 4233 uenit
614 4169 779 4252 ἀρχιέρεων
795 4171 947 4239 scribere.
979 4173 1118 4258 Elegans
1131 4172 1320 4240 vccabulum
1340 4173 1478 4239 Atticum

292 4271 457 4338 intercidit
478 4277 520 4349 5,
547 4275 597 4339 12.
623 4276 697 4356 πρὸς
718 4277 754 4342 πθ
783 4280 946 4361 καθαρὸν
976 4287 1032 4356 πῆς
1057 4279 1175 4353 διαίτας
1206 4277 1371 4358 ussisse:
1397 4277 1479 4344 nihil

292 4377 453 4462 significat
478 4379 514 4444 πὸ
534 4380 687 4462 καθαρόν,
711 4384 846 4450 restitue
861 4386 897 4450 τὸ
915 4383 1095 4466 καθοίρειον,
1118 4383 1202 4470 quod
1220 4383 1304 4449 inter
1315 4381 1478 4449 lautitiam

295 4491 327 4549 et
345 4483 456 4549 sordes
468 4485 611 4550 medium
628 4505 732 4571 genus
748 4495 813 4566 est,
838 4488 988 4576 frequens
1012 4489 1097 4576 apud
1110 4489 1320 4566 Athenienses,
1340 4488 1396 4575 qui
1413 4487 1479 4555 ele·

297 4589 460 4672 gantiures
483 4609 580 4676 quam
603 4591 734 4662 ditiores
760 4593 925 4661 Mensurae
954 4603 1206 4682 suggesserunt,
1240 4593 1324 4680 quud
1350 4595 1382 4660 in
1407 4615 1478 4681 pro·

296 4693 437 4762 verbiurn
458 4695 553 4761 abiit:
