3767 5717
876 624 941 687 253

317 837 415 917 gunt,
446 822 532 892 uude
559 823 615 888 alii
635 821 711 888 libri
732 820 853 887 habent
873 816 1088 896 πεποιημέναι,
1118 815 1227 907 plures
1245 813 1344 881 etiam
1364 812 1492 893 πεμπό-

316 956 408 1011 μενα.
445 928 625 996 Credebant
655 926 856 1005 πεπεμμένον
883 922 1062 1013 significare
1089 930 1233 1003 coetum,
1263 930 1301 985 ut
1324 920 1359 985 in
1385 915 1490 987 Pluto

320 1038 406 1100 1142
431 1047 463 1101 et
491 1040 588 1102 1126.

497 1137 568 1216 ἧκεν
591 1141 653 1223 γὰρ
678 1138 785 1205 elstret
809 1138 901 1209 stete
926 1130 959 1201 εὖ
983 1133 1196 1214 πεπεμμένος.

497 1244 576 1325 σίμοι
600 1250 794 1315 πλακοῦντος
818 1248 872 1307 τοῦ
897 1244 922 1306 ’ν
946 1239 1071 1320 τετροίδι
1094 1238 1310 1318 πεπεμμένου.

316 1361 348 1415 et
370 1348 462 1424 alibi;
485 1354 624 1415 missum
644 1349 820 1439 significare
840 1346 1051 1413 mirabantur.
1080 1345 1120 1411 ln
1136 1345 1376 1418 Dauosrum,
1396 1338 1489 1405 euius

317 1453 425 1521 locum
447 1454 608 1522 lllrtuonr.
629 1454 779 1520 indicarit
798 1478 830 1544 p.
854 1456 938 1537 672,
961 1456 1016 1517 30.
1039 1458 1095 1525 τῆς
1114 1453 1260 1523 ε’πιςολῆς
1278 1450 1352 1527 ὑμῖν
1368 1443 1485 1520 ἐκείνης
1510 1510 1515 1519 ,

316 1558 537 1639 πεπεμμένης,
561 1560 615 1625 alii
633 1560 708 1625 libri
727 1558 924 1640 πεμφθείσης
945 1556 1198 1632 substituerunt,
1221 1553 1277 1619 alii
1295 1549 1485 1627 ιίπεςαλμέ-

319 1687 370 1739 ιης
394 1676 421 1729 ¹:
454 1677 541 1731 reete
568 1665 653 1731 idem
674 1665 877 1730 Drnnoarrus
897 1662 930 1726 in
954 1661 1123 1727 Hrsrcaro
1143 1656 1325 1738 emendarit
1343 1676 1488 1718 καταπε-

316 1768 466 1847 πεμμένα
495 1793 554 1859 pro
580 1769 877 1849 retransmitteret,
905 1766 1022 1856 quibus
1044 1766 1131 1831 idem
1150 1762 1275 1829 addidit
1296 1760 1415 1827 Pnotn
1437 1757 1488 1822 lo·

316 1892 403 1937 oum:
424 1875 628 1952 πεπεμμένην
652 1874 797 1951 λέγουσιν
814 1874 846 1936 οὐ
871 1871 961 1950 μόνον
981 1870 1220 1948 οίπεταλμέυην,
1246 1866 1362 1957 quibus
1381 1862 1497 1929 omni·.

316 1976 375 2041 bus
398 1977 455 2067 qui
475 1978 626 2043 adiecerit
647 1977 791 2044 Lucranr
811 1975 917 2041 locum
936 1987 1024 2042 etex
1046 1972 1233 2040 melioribus
1253 1981 1379 2037 tautum
1397 1967 1487 2033 libris

316 2093 469 2148 serratam
488 2080 628 2149 formam
643 2082 849 2166 arrepebat,
864 2094 953 2149 eerta
968 2081 1190 2147 emendatione
1206 2100 1334 2145 meeum
1353 2096 1488 2142 manum

318 2189 527 2256 Tuncrolnls
555 2198 690 2279 reponet
718 2185 776 2251 lll.
800 2190 829 2251 2.
861 2189 1116 2265 ἀναγκασθέντες
1146 2189 1178 2253 δὲ
1204 2186 1257 2253 καί
1283 2182 1403 2258 ταύτην
1431 2180 1488 2255 την

317 2294 474 2363 οίπόςασιν
498 2294 640 2378 πρότερον
666 2294 683 2370 ἢ
706 2294 869 2358 διενοοῦντο
895 2294 1095 2368 ποιησασίαι.
1124 2297 1183 2357 τῶν
1209 2315 1245 2357 τε
1269 2290 1334 2369 γόοι
1355 2285 1488 2365 λιμένων

318 2401 373 2473 την
396 2402 495 2479 χῶσιν
514 2400 567 2464 καὶ
594 2402 708 2479 τειχῶν
732 2396 923 2475 οἰκοδόμησιν
944 2397 998 2460 καί
1021 2399 1094 2461 νεῶν
1115 2396 1235 2471 ποίησιν
1264 2393 1412 2470 ἐπέμενον
1434 2412 1488 2453 τε·

319 2504 464 2575 λεσίῆναι
497 2504 549 2567 καὶ
572 2499 631 2567 dett
653 2504 687 2565 ἐκ
709 2506 763 2564 τοῦ
792 2492 909 2564 Πόντου
938 2498 998 2564 ἔδει
1022 2500 1194 2581 οίφικέσόαι
1216 2495 1350 2573 τοξότας
1374 2489 1487 2558 τεκαὶ

321 2614 406 2671 σῖτον
424 2604 518 2671 attat
541 2604 823 2685 μεταπεμπόμενοι
843 2600 937 2678 ἦσαν,
963 2626 1070 2670 noune
1092 2617 1138 2669 est
1158 2604 1232 2669 luce
1251 2599 1368 2667 clarius
1388 2618 1493 2674 μετα·

319 2710 513 2788 πεπεμμέιοι
537 2705 615 2784 ἦσαν
646 2708 686 2773 ab
714 2707 865 2773 historico
887 2710 1041 2799 scriptum
1070 2712 1164 2777 esse?
1198 2705 1409 2799 nequeenim
1430 2723 1490 2793 pro

320 2814 559 2895 μετεπέμποντο
581 2814 645 2881 diei
664 2826 770 2905 potest
787 2816 1068 2895 μεταπεμπόμενοι
1086 2812 1164 2892 ἦσαν
1180 2837 1285 2905 neque
1301 2809 1491 2902 imperfecto

320 2920 406 2987 ullus
426 2933 473 2986 est
494 2920 526 2985 iu
546 2944 582 2985 ea
602 2943 636 2987 re
657 2910 755 2986 lodus.
790 2918 1064 3009 Opperiebantur,
1088 2921 1203 3001 eredo,
1228 2940 1367 3010 quaem
1387 2916 1493 2981 Pouto

317 3031 566 3105 arcessieram,
598 3049 663 3091 non
690 3048 772 3117 quae
790 3027 1012 3091 arcessebant.
1061 3026 1186 3092 Addam
1209 3048 1247 3091 ex
1267 3024 1492 3090 Dauostutttttt

320 3131 446 3210 locum,
461 3131 550 3196 euius
563 3131 674 3198 eadem
694 3132 790 3222 plane
808 3132 890 3197 ratio
908 3143 971 3210 est,
990 3143 1022 3196 et
1041 3134 1217 3211 eorrectio,
1235 3130 1264 3197 si
1282 3128 1352 3195 fieri
1367 3137 1494 3217 potest,

320 3239 416 3303 etiam
438 3236 629 3305 evidentior:
672 3237 804 3327 Legitur
824 3238 857 3301 iu
880 3240 1023 3330 oratione
1043 3238 1111 3320 περὶ
1132 3243 1186 3303 τοῦ
1207 3234 1346 3320 ςεΦοίνου
1365 3258 1397 3325 p.
1409 3235 1503 3310 271,7

322 3348 373 3409 tt.
397 3345 422 3409 εί
445 3345 526 3421 μηνί
553 3344 652 3420 βαυλη
677 3344 748 3421 ἡέξ
764 3343 880 3424 Ἀρείου
902 3343 1010 3422 ποίγου
1029 3346 1064 3409 τό
1088 3347 1227 3425 πρᾶγμα
1248 3341 1413 3419 ιιίσόομένη
1436 3337 1491 3403 καί

320 3450 376 3520 την
407 3445 559 3524 ὑμετέραν
585 3444 716 3523 ιίγνοιαυ
738 3448 768 3509 ἐν
792 3449 824 3509 οὐ
851 3446 946 3511 δέοντι
976 3447 1221 3524 συμβεβηκυῖαν
1246 3446 1354 3510 tettae
1382 3443 1495 3524 έπεζή·

320 3576 398 3626 τησε
423 3550 474 3613 τόν
495 3548 648 3629 όινόριοπον
674 3550 727 3613 καί
756 3550 967 3627 συλλαβοῦσα
992 3552 1198 3628 ἐπανήγαγεν
1221 3551 1260 3620 ὥς
1282 3549 1384 3625 ἡμᾶς,
1405 3545 1493 3625 5⁹de-
1552 3545 1555 3552 ’

323 3658 402 3724 ποτ’
426 3652 464 3718 ίαν
487 3652 500 3715 ὁ
524 3658 658 3723 τοιοῦτος
679 3642 735 3740 καί
757 3653 791 3716 τὸ
816 3652 900 3726 δίκην
927 3654 1029 3718 δοῦναι
1059 3652 1176 3725 διαδὺς
1193 3650 1427 3729 έξεπέμπετ’
1453 3648 1494 3714 ἂν

323 3762 381 3827 ὑπὸ
407 3765 460 3825 τοῦ
490 3755 681 3835 σεμνολόγου
704 3757 843 3831 τουτουί,
869 3757 941 3846 quis
961 3757 1144 3821 admonitus
1164 3767 1319 3847 puuctum
1341 3754 1494 3843 temporis

323 3864 486 3931 dubitabit
514 3861 685 3929 emendare
703 3862 921 3941 ἐξεπέπεμπτ’
945 3862 1000 3942 ἄν,
1027 3875 1059 3928 et
1079 3886 1177 3952 quam
1197 3863 1343 3953 ineptum
1365 3862 1405 3927 sit
1426 3862 1493 3939 ἕξε-

324 3967 463 4049 πέμπετ’
484 3968 522 4033 att
545 3992 610 4035 non
628 3969 766 4034 sentiet?
815 3967 956 4035 Omnino
974 3968 1290 4037 animadvertendum
1308 3982 1355 4035 est
1376 3966 1495 4033 scribas

323 4074 503 4165 saepissime
529 4074 840 4165 plusquamperleeta
870 4076 902 4139 in
924 4074 1111 4166 imperfecta
1132 4077 1303 4169 depravare
1321 4078 1439 4157 solere,
1469 4076 1497 4142 si

324 4180 505 4247 terminatio
525 4193 571 4246 est
590 4204 691 4271 prope
709 4174 836 4259 eadem,
865 4193 901 4246 ut
921 4194 1043 4247 mutata
1064 4184 1180 4249 rooalis
1201 4185 1236 4249 iu
1257 4183 1495 4275 diphthongum
1552 4182 1563 4203 ⁶

325 4298 380 4357 aut·
395 4284 502 4351 addita
521 4310 582 4351 una
598 4286 741 4353 litterula
756 4309 793 4352 er
808 4287 1126 4379 plusquamperfecto
1142 4290 1367 4380 imperfectum
1384 4290 1495 4368 iaciat,

324 4471 561 4481 p———n--n-—n-

357 4566 377 4637 ¹)
394 4568 489 4619 Forma
515 4570 654 4631 πέπεμμαι
681 4570 757 4619 etiam
782 4570 849 4635 opud
874 4570 1000 4635 sequiores
1024 4585 1214 4637 nonnumquam
1237 4577 1353 4637 apparet,
1380 4579 1408 4621 ut
1430 4571 1497 4634 apud

322 4650 505 4705 Pottfflmmuu
523 4652 552 4705 de
569 4651 663 4705 Abarin.
681 4655 731 4705 IV.
751 4656 766 4719 §
787 4656 825 4705 lt.
845 4654 964 4723 ἐντυχὼν
986 4664 1044 4713 τοῖς
1068 4658 1133 4725 περὶ
1152 4657 1295 4718 Δάνδαμιν
1316 4657 1496 4722 κεκομμένοις

235 4753 238 4759 ·
321 4735 427 4796 Ἰνδοῖς
444 4740 511 4807 πρὸς
529 4740 577 4790 τὸν
596 4740 732 4807 Καίσαρα.
