3767 5717
954 564 1021 630 212

396 762 567 853 lorumque
588 758 847 827 vilissimoruml”
882 748 972 825 llaec
988 760 1089 831 ille.¹
1127 756 1298 825 Caeterum
1317 756 1416 824 σι’νειν
1435 756 1517 832 σινθς
1540 771 1574 826 et

395 868 552 950 προπίνειν
573 865 652 938 τινθς
675 867 749 931 satis
768 877 843 931 nota
863 877 946 931 sunt.
990 862 1067 949 Quis
1086 863 1187 930 nescit
1206 863 1330 929 dictum
1350 860 1573 931 Callisthenis:

394 976 427 1038 esi
440 972 597 1051 βούλομαι
614 970 819 1052 Ἀλεξάνδρου
834 972 908 1035 τιιῖιν
924 974 1119 1046 ’Λσκληιιιοῦ
1136 971 1274 1035 isiodus?
1294 969 1404 1059 itaque
1419 968 1574 1038 Lucttttc

394 1076 563 1143 reddemus
593 1076 737 1157 τροῦιιιον
764 1080 818 1140 τοῦ
849 1074 999 1154 ἡμετέρου
1024 1075 1103 1139 θεοῦ.
1151 1070 1189 1137 In
1217 1076 1234 1159 §
1260 1078 1311 1139 42.
1332 1096 1391 1163 pro
1413 1074 1573 1155 αἴρεσθαι,

394 1182 482 1273 quod
510 1203 576 1245 non
605 1192 653 1245 est
683 1179 777 1245 huius
807 1178 891 1257 loci,
923 1191 978 1245 aut
999 1179 1190 1258 ἀναιρεῖσθαι
1217 1178 1390 1269 legendum
1411 1190 1467 1244 aut
1484 1179 1575 1270 quod

394 1285 493 1351 codex
513 1305 595 1349 unus
611 1283 795 1374 suppeditat
810 1283 988 1349 ἀνελέσθαι.
1014 1282 1172 1371 Perpetua
1187 1295 1235 1348 est
1250 1283 1284 1349 in
1299 1282 1391 1349 libris
1403 1283 1576 1353 verborum

393 1392 544 1472 αἱρεῖσθαι
565 1401 598 1455 et
616 1390 753 1470 αἴρεσθαι
775 1387 938 1467 conlusio,
954 1388 1045 1453 cuins
1066 1387 1112 1453 rei
1130 1410 1232 1477 pauca
1250 1388 1409 1479 quaedam
1428 1388 1470 1455 de
1483 1391 1573 1457 mul-

393 1496 434 1562 tis
460 1494 605 1585 exempla
626 1492 717 1571 ride,
743 1516 780 1559 ac
799 1493 939 1583 primum
962 1491 1094 1583 quidem
1115 1492 1191 1581 quia
1215 1504 1279 1559 tam
1299 1494 1505 1562 manifestum
1525 1509 1574 1563 est

393 1600 515 1690 inspice
542 1597 726 1663 lsuuttcflt
753 1599 858 1662 uitam
888 1596 1109 1686 Pythagorae
1134 1598 1152 1681 §
1182 1599 1258 1663 232.
1285 1597 1341 1663 ubi
1362 1596 1574 1690 philosophus

393 1704 566 1798 praecipit:
600 1703 714 1785 ἔχθραν
746 1703 858 1768 ὲκθντα
889 1704 947 1781 μὲν
981 1703 1140 1781 μηδέποτε
1167 1704 1382 1784 αἱρεῖσθαι,
1418 1703 1574 1786 ἀράμευον

394 1813 425 1879 δὲ
459 1810 561 1889 μένειν
594 1809 726 1883 εὐγενῶς
759 1807 790 1870 ἕν
820 1806 862 1886 τῷ
896 1807 1112 1884 διαπολεμεῖν.
1144 1808 1254 1897 ecquis
1278 1808 1408 1898 negabit
1432 1808 1571 1891 αἴρεσθαι

394 1936 506 1981 rerum
536 1911 629 1977 esse?
680 1909 776 2001 dpud
800 1910 969 1977 Dcuosru.
991 1935 1021 2002 p.
1048 1914 1131 1990 178,
1155 1916 1208 1979 25.
1229 1914 1367 1993 πόλεμον
1386 1912 1520 1995 ἀρασθαι
1538 1913 1575 1979 in

396 2020 545 2086 omnibus
573 2029 638 2095 est,
673 2017 812 2107 optimus
843 2016 987 2082 omniurn
1016 2015 1050 2083 S.
1073 2016 1187 2083 vitiose
1212 2020 1365 2098 αἱρεῖσθαι
1393 2017 1511 2097 habet,
1541 2033 1575 2088 et

395 2147 429 2215 p.
455 2128 536 2202 207,
560 2126 613 2189 26.
633 2144 692 2212 pro
715 2120 853 2200 πόλεμον
876 2121 1050 2203 ἀραμένους
1071 2121 1104 2185 iu
1125 2122 1162 2188 Δ.
1179 2121 1212 2188 S.
1231 2123 1427 2204 αἱρουμένους
1448 2124 1574 2215 legitur.

398 2230 473 2315 ln§
499 2232 551 2294 43.
575 2230 784 2293 ἐπεκαλοῦντο
806 2225 948 2302 βοηθεῖν,
972 2226 1095 2315 corrige
1112 2227 1240 2304 βοηθούς
1261 2238 1294 2292 et
1314 2230 1332 2312 §
1355 2233 1406 2293 45.
1424 2228 1574 2295 ἀπάντιυν

288 2339 292 2347 ’
397 2332 492 2399 κακθν
509 2355 567 2423 pro
587 2334 700 2396 κακῶν.
725 2328 865 2418 denique
882 2328 916 2393 in
934 2328 1055 2394 ultimis
1072 2329 1175 2395 serbis
1193 2333 1210 2415 §
1229 2334 1281 2398 48.
1294 2353 1360 2397 non
1375 2334 1576 2401 συνεςιάσθαι

395 2436 542 2510 τοιούτοις
562 2437 671 2517 σοφοῖς
691 2433 823 2499 dederat
842 2432 970 2523 lepidus
989 2434 1142 2526 scriptor,
1159 2435 1214 2501 sed
1230 2435 1446 2517 festivissime,
1463 2437 1576 2518 credo,

396 2541 553 2615 τοσούτοις
578 2546 699 2623 σοφοῖς.

444 2644 600 2737 Sequitur
624 2644 757 2711 libellus
790 2643 856 2727 περὶ
889 2653 947 2721 τής
983 2645 1094 2726 Συρίης
1132 2649 1199 2713 θεοῦ
1234 2651 1390 2738 scriptus,
1423 2648 1450 2713 si
1478 2647 1577 2714 Musis

320 2826 321 2831 .
397 2752 524 2844 placet,
549 2750 659 2817 lonico
680 2750 720 2815 ab
741 2772 780 2815 eo
800 2750 983 2841 quinoque
1003 2748 1114 2819 ionice
1134 2754 1208 2819 satis
1226 2754 1346 2821 sciebat
1365 2777 1471 2846 neque
1491 2765 1579 2822 reete

396 2871 432 2925 et
462 2858 622 2947 eleganter
651 2854 790 2921 scribere
816 2867 871 2921 aut
901 2857 980 2923 scite
1009 2868 1041 2922 et
1071 2870 1204 2925 venuste
1230 2882 1358 2926 narrare
1381 2872 1436 2926 aut
1456 2862 1578 2951 lingere

400 2986 553 3054 nmquam
582 2960 748 3027 didicerat.
796 2958 898 3043 Quam
918 2962 1001 3027 bene
1019 2959 1128 3028 ionice
1148 2964 1267 3030 scribat
1288 2967 1337 3032 uel
1351 2965 1458 3031 obiter
1476 2966 1579 3054 inspi-

400 3069 499 3136 cienti
519 3065 695 3158 apparebit.
743 3064 973 3156 Turpissimum
993 3066 1106 3133 vitium
1127 3081 1174 3135 est
1195 3073 1213 3155 §
1236 3071 1320 3137 36.t
1342 3070 1485 3153 ἀρχιρεὺς
1502 3070 1576 3135 ε’τε-

401 3172 505 3255 ρέεταθ
527 3198 596 3252 μιν,
626 3171 812 3237 meminerat
835 3194 868 3237 se
894 3171 1001 3261 legere
1019 3172 1148 3253 ήρθμην,
1169 3174 1253 3265 apud
1275 3173 1486 3239 llruouorurt
1501 3171 1578 3255 εἰρό-

402 3300 483 3357 μην,
514 3288 546 3341 et
575 3276 747 3357 ε’σηρθμην,
782 3276 946 3356 ἐτειρόμην
982 3278 1017 3342 et'
1048 3276 1576 3360 011111ἰά11εἰΙιίΙίοοιοὲιιερέομαι

402 3382 519 3448 dicere.
565 3382 638 3449 Non
665 3392 772 3447 tamen
800 3381 895 3447 credo
926 3405 1000 3448 enm
1023 3385 1041 3468 §
1067 3387 1115 3449 17.
1135 3385 1295 3475 scripsisse
1315 3385 1467 3465 ήρήσατο,
1486 3370 1578 3473 duod

401 3487 561 3577 significat
591 3488 730 3565 ηὔξατο,
765 3510 824 3577 pro
852 3488 1007 3571 ήράσατο,
1031 3510 1115 3577 quae
1140 3490 1242 3556 forma
1265 3488 1433 3555 Homerica
1453 3500 1501 3554 est
1520 3512 1579 3579 pro

404 3594 530 3676 ήράσθη.
578 3592 616 3658 ln
636 3598 654 3681 §
671 3596 702 3658 2.
723 3614 782 3682 pro
802 3593 955 3671 ἀποδέξαι
975 3595 1104 3684 requiro
1124 3596 1315 3674 καταδίξαι,
1336 3600 1404 3683 et§
1427 3597 1479 3660 10.
1493 3594 1578 3675 ὁρταὶ

399 3698 457 3763 ’καὶ
481 3700 670 3782 τανηνθριες
696 3699 957 3779 καταδεδθχαται
978 3722 1037 3790 pro
1057 3700 1307 3781 ἀποδεδέχαται.
1331 3706 1349 3789 §
1369 3703 1401 3764 4.
1425 3698 1580 3777 ἐτίμησαν

404 3826 464 3893 pro
487 3805 688 3882 ἐτιμήσαντο.
712 3806 774 3891 §6.
799 3804 885 3867 κατά
909 3806 1035 3883 μνήμην
1056 3827 1116 3895 pro
1137 3806 1274 3883 μνήμην.
1323 3802 1500 3893 1n§18.t
1523 3802 1582 3881 μὲν

404 3904 462 3974 ὧδε
494 3908 596 3987 ἀγνὼς
630 3908 683 3971 tta
709 3907 829 4004 ἐδέετο,
857 3908 993 3973 emenda
1012 3912 1204 3990 ἀγνώσσων,
1227 3932 1292 4000 quo
1314 3909 1412 3977 serbo
1434 3906 1584 3975 Graeculi

441 4237 461 4305 ¹)
479 4241 554 4289 Bona
567 4253 626 4303 pars
638 4240 788 4291 scholiorum
806 4241 834 4291 in
845 4223 991 4293 Lucrturisr
1007 4242 1099 4307 scripta
1111 4247 1149 4292 est
1163 4257 1180 4292 a
1193 4227 1338 4302 monachis,
1353 4254 1460 4306 qnorum
1473 4236 1584 4289 insulem

405 4330 432 4375 et
452 4324 566 4375 inficetas
589 4326 763 4375 annotationes
786 4326 891 4377 barbaro
913 4342 1028 4377 sermone
1051 4327 1157 4391 scriptae
1174 4326 1294 4389 indignae
1311 4333 1370 4377 aunt
1386 4337 1451 4390 quae
1468 4323 1584 4373 edantur·

402 4409 496 4484 'Neque
514 4409 685 4475 interpretatio
702 4412 817 4461 Lucrum
835 4426 916 4477 neque
931 4413 1074 4463 emendatio
1088 4412 1225 4477 quidquam
1239 4426 1273 4461 ex
1287 4412 1317 4460 iis
1332 4410 1470 4459 adiuvatur.
1496 4405 1583 4465 Quam

407 4494 468 4545 boni
486 4496 564 4553 critici
583 4498 632 4547 sint
644 4498 702 4549 vide
719 4513 744 4562 p.
758 4500 814 4546 132.
832 4496 981 4561 Iaconrrz„
998 4496 1041 4547 ubl
1059 4496 1142 4546 nescio
1156 4496 1213 4561 quis
1226 4495 1327 4558 corrigit
1341 4491 1434 4547 θιιινῶς
1450 4488 1585 4555 cyaneae

353 4594 354 4597 ’
404 4578 456 4628 τὸν
478 4584 620 4633 νεανίσκον
644 4596 690 4648 pro
713 4578 847 4647 diripereris
870 4583 928 4650 (27,
953 4581 1005 4651 25.)
1028 4581 1097 4648 quod
1117 4594 1271 4648 quamquam
1294 4579 1428 4632 barbarum
1445 4582 1483 4629 cti
1499 4582 1586 4628 tumen

403 4664 533 4719 treeanz
549 4669 652 4734 reecpit.
