3767 5717
847 597 916 663 331.

335 790 373 858 In
404 791 514 857 futuro
546 791 689 858 diversae
715 792 838 858 formae
861 803 959 858 suut:
982 791 1091 857 τύπτω
1116 790 1260 880 (πληγὰς
1284 792 1459 872 ἐμβάλλει,

287 898 399 985 caedo)
426 896 523 962 habet
543 896 688 964 futurum
706 900 872 974 τυπτήσω,
897 909 1009 965 contra
1029 896 1138 964 τύπτω
1165 897 1306 983 (πληγην
1331 897 1456 973 δι’,δωμι

278 1004 389 1088 servo)
408 1002 554 1069 futurum
574 1003 670 1070 habet
692 1003 837 1081 πασήξω.
885 1004 952 1071 Ubi
974 1004 1090 1069 aoristo
1112 1025 1191 1092 opus
1212 1015 1259 1068 est
1278 1027 1336 1092 pro
1357 1001 1464 1068 cecidi

288 1107 400 1173 dicunt
420 1110 550 1188 πληγὰς
571 1111 773 1189 ἐνέβαλον,’
758 1110 912 1188 ενέπεινα,
932 1111 1000 1176 ε’νέπ
1002 1115 1098 1192 ρ,ιψα
1115 1109 1272 1176 rarissime
1297 1107 1461 1185 ἐπασαξαε

289 1235 533 1304 nonnumquam
562 1213 681 1280 ἔπαισα
711 1214 849 1280 occurrit
874 1216 908 1280 in
933 1215 1101 1306 grandiore
1125 1215 1253 1282 dicendi
1272 1235 1387 1306 genere
1408 1223 1463 1276 aut

249 1361 252 1363 Α
289 1318 375 1408 apud
399 1318 668 1395 Xnncrnortrnn,
687 1319 794 1409 quiin
816 1318 866 1384 his
885 1343 1015 1411 quoque
1035 1319 1176 1386 ionicam
1199 1317 1463 1386 consuetudinem

287 1422 472 1513 imprudens
507 1423 666 1512 sequitur:
701 1436 733 1489 at
766 1447 942 1514 numquam
974 1426 1142 1516 quisquam
1172 1426 1252 1492 dixit
1280 1426 1462 1500 ε’τὺπτησα,

289 1529 376 1618 quod
409 1531 443 1594 in
473 1513 574 1594 nullo¹
597 1530 694 1596 reteri
723 1542 754 1595 et
780 1531 916 1620 probato
936 1533 1090 1622 scriptore
1111 1532 1247 1623 legitur,
1270 1531 1325 1598 sed
1347 1530 1461 1596 crebro

292 1635 429 1700 occurrit
460 1633 544 1723 apud
577 1635 809 1701 semibarbaros
841 1636 1014 1703 Graeculos
1041 1649 1199 1704 extremae
1230 1637 1349 1702 aetatis.
1402 1635 1463 1700 Pro

278 1743 389 1830 ferc'c',
404 1743 544 1831 plagam
565 1742 685 1820 intuli,
705 1743 825 1807 uulnus
846 1747 881 1806 iu
909 1746 963 1806 ιἀί
979 1742 1120 1829 (πληγήν
1141 1739 1463 1828 ἕνέβαλον),ι1ἰοίῑιιι

288 1846 454 1933 ξποέταξα,
480 1828 640 1910 interdum
661 1844 780 1912 ἔπαισα
798 1846 853 1912 sed
875 1870 938 1912 non
961 1847 995 1912 in
1018 1845 1196 1936 quotidiani
1217 1845 1369 1911 sermonis
1389 1865 1460 1910 usu:

288 1959 456 2041 poetarum
485 1963 534 2016 est
565 1951 608 2016 ita
638 1951 763 2029 dicere,
788 1964 823 2016 ut
844 1953 892 2016 in:
913 1960 1051 2024 Παῖτον,
1076 1953 1101 2016 εἰ
1125 1951 1254 2028 σθένεις,
1280 1953 1408 2025 διπλῆν,
1432 1961 1464 2013 ct

290 2078 418 2135 eorum,
439 2058 495 2146 qui
511 2056 729 2146 splendidiora
748 2058 905 2123 vocabula
926 2069 1093 2122 venantur.
1126 2056 1307 2122 Perfectum
1328 2057 1360 2120 in
1379 2067 1466 2119 utra-

288 2184 352 2250 que
373 2162 606 2252 significatione
628 2174 675 2226 est
697 2162 873 2241 πέπληγον,
896 2163 983 2253 quod
1006 2185 1071 2226 non
1089 2161 1132 2226 ita
1149 2161 1333 2252 frequenter
1348 2161 1466 2251 legitur

289 2279 321 2332 et
341 2268 486 2333 usitatius
508 2279 556 2333 est
576 2267 707 2346 πληγὰς
729 2268 892 2333 δεδωκέναι
914 2269 1166 2358 promeruisse,
1186 2269 1374 2333 verberibus
1393 2290 1468 2333 con-

289 2373 438 2451 tudiss03
471 2372 569 2438 hahet
604 2384 712 2437 tamen
748 2384 869 2436 certam
903 2375 1127 2438 auctoritatem
1163 2372 1408 2462 Anrsrul’nrms
1435 2373 1468 2434 in

284 2477 410 2542 Avibus
436 2481 533 2543 1350.

285 2665 290 2669 .
514 2580 546 2653 ὃς
571 2581 609 2646 ἂν
633 2582 786 2663 πεπλήγη
808 2582 860 2646 τὸν
884 2579 1010 2662 πατέρα
1034 2581 1155 2652 νεοττὸς
1180 2581 1229 2644 ὤν.

289 2697 321 2751 ct
344 2685 579 2752 Xunornourls
599 2686 632 2749 in
646 2683 763 2752 Anah.
785 2683 840 2750 vl.
864 2704 885 2751 1.
907 2693 927 2752 5
950 2685 963 2748 ὁ
985 2683 1086 2766 ἕτερος
1111 2685 1165 2749 τὸν
1188 2682 1289 2764 ἕτερον
1313 2684 1399 2750 παίει
1429 2689 1467 2758 ὡς

289 2793 387 2868 πᾶσιν
418 2789 513 2854 ἐδόκει
542 2789 743 2867 πεπληγέναι
774 2789 825 2854 τὸν
852 2789 967 2870 ἄνδρα,
1004 2789 1091 2880 quod
1120 2811 1185 2854 non
1216 2800 1262 2854 est
1293 2788 1343 2874 (ut
1370 2789 1467 2856 multi
1561 2846 1568 2856 .

288 2894 484 2983 existimant)
514 2918 573 2985 pro
600 2895 788 2974 πεπλῆχθαι
823 2896 981 2985 positum:
1015 2897 1067 2960 τὸν
1095 2893 1192 2975 ἄνδρα
1219 2893 1379 2960 obiectum
1401 2906 1466 2961 est:

288 3024 364 3074 και,
389 3002 428 3072 dc
453 3025 550 3065 πασιν
573 2998 686 3082 ἐδόκει,
710 2998 762 3062 τὸν
786 2996 883 3080 ἄνδρα
907 3000 1096 3076 ἐπεπλήγει.

332 3105 371 3170 In
393 3107 524 3196 passivis
542 3107 705 3183 τύπτομαι
729 3115 761 3169 et
780 3104 917 3183 παίσμαι
939 3105 1084 3170 οιιιιιίιιιιι
1107 3125 1165 3168 usu
1189 3115 1343 3170 teruntur
1390 3105 1466 3171 Per·
1502 3141 1507 3150 ·

285 3213 406 3279 fectum
433 3238 494 3306 pro
520 3214 784 3304 cupulcssenon
805 3210 904 3276 estin
926 3234 1002 3277 usu:
1029 3193 1178 3277 dicebant
1200 3233 1308 3276 omnes
1330 3211 1462 3289 πληγας

285 3320 449 3401 εἰληφέναι
469 3332 501 3385 et
519 3319 634 3384 codem
653 3315 752 3381 modo
770 3315 902 3394 πληγαο
923 3315 1058 3395 ἔλαβον,
1082 3337 1141 3405 pro
1162 3315 1279 3404 quibus
1301 3315 1463 3406 sequiores

286 3422 436 3488 Graeculi
452 3425 656 3500 τεπύππημαι
674 3420 823 3486 dicebant
840 3432 872 3484 et
890 3421 1081 3496 ἕτιιπτήήην,
1105 3420 1223 3508 quibus
1242 3420 1353 3485 formis
1373 3433 1462 3486 sete·

288 3550 337 3592 res
368 3523 477 3592 omne's
504 3527 674 3591 abstineut.
721 3523 832 3590 Sicubi
852 3523 961 3589 futuro
986 3545 1064 3612 opus
1086 3535 1132 3588 est
1157 3524 1288 3601 πληγὰς
1315 3526 1461 3604 λήψομαι

286 3634 525 3699 usitatissimum
545 3643 608 3710 est,
631 3629 717 3719 apud
741 3629 1001 3695 Anlsaoenrrtnnt
1020 3630 1221 3706 τυπτήσομαι
1243 3627 1341 3694 semel
1360 3649 1461 3718 appu·

285 3749 344 3804 ret.
377 3737 550 3815 Τύπτομαι
571 3739 718 3826 (ferror,
732 3734 903 3823 crdneror)
924 3733 1022 3800 habet
1042 3733 1222 3824 perfectum
1242 3734 1457 3813 πέπληγμαι,

285 3866 526 3934 nonnumquam
546 3843 673 3920 πληγην
689 3839 809 3922 εἴληφα
830 3851 863 3904 et
881 3840 1009 3917 πληγην
1029 3838 1106 3920 ἔχω.
1143 3836 1289 3904 Perfecto
1309 3839 1458 3916 πεπληγ-

283 3973 342 4027 μαι
373 3945 519 4014 futurum
550 3959 598 4012 est
625 3968 662 4010 ex
687 3967 719 4010 se
748 3954 857 4009 natum
890 3943 1107 4023 πεπλήξομαι.
1157 3943 1274 4008 Acristi
1298 3954 1454 4034 perpetua

284 4053 386 4120 forma
411 4065 458 4119 est
480 4053 624 4131 ἐπλήγην
647 4063 680 4116 et
704 4049 804 4115 futuri
828 4048 1050 4126 πληγήσομαι.
1102 4105 1110 4112 .

330 4160 397 4226 Hae
433 4162 531 4250 igitur
562 4171 636 4224 sunt
669 4158 758 4228 solae
793 4155 933 4231 formae,
967 4152 1085 4242 quibus
1115 4165 1236 4220 veteres
1265 4165 1297 4218 et
1328 4153 1456 4244 probati

281 4266 452 4357 scriptores
476 4277 624 4332 utuntur:

327 4373 457 4447 τύπτω,
483 4372 582 4451 παίω,
607 4368 738 4448 πληγὰς
763 4366 938 4448 ε’μβοέλλω,
965 4364 1104 4440 ἐντείνω,
1130 4365 1278 4447 iaspide,
1305 4365 1423 4443 δίδωμι.

324 4476 486 4552 τνπτήσω.

325 4581 457 4660 πληγὰς
481 4578 630 4658 ἐνέβαλον
656 4575 815 4666 (ἔπαισα)

327 4685 458 4762 πληγας
483 4682 615 4762 δέδωκα,
639 4680 807 4759 πέπληγα.
