3767 5717
839 609 881 707 aa

266 816 406 886 dandum
432 827 465 885 ot
491 820 689 893 ἀκολουθεῖν,
721 815 906 885 irretisset
935 818 1081 898 ὁμαρτεῖν
1105 818 1225 903 optime
1254 818 1455 885 accusativos

265 925 409 1010 recipere
437 944 550 1011 posse,
583 933 619 991 ut
641 926 720 1004 perir
746 921 849 990 εἵπετο
869 924 905 991 τὸ
925 926 1048 1006 <dcirco
1072 942 1100 987 v.
1126 943 1154 988 c.
1178 924 1206 988 ei
1230 923 1309 989 bene
1339 924 1455 991 Graece

265 1028 389 1095 dictum
419 1029 603 1096 videretur:
626 1029 743 1108 eredo,
767 1031 844 1117 quia
868 1031 901 1095 in
922 1029 1047 1096 buccam
1077 1027 1241 1097 codicibus
1269 1027 1454 1095 deterrimis

138 1197 143 1205 r
265 1154 302 1201 ea
325 1137 487 1222 scriptura
507 1134 748 1203 circumfertur.
804 1134 896 1203 Valet
921 1136 954 1199 in
975 1132 1203 1201 Grammaticis
1232 1153 1358 1221 quoque
1379 1134 1454 1221 Epi·

266 1239 472 1307 charmeum:

357 1351 440 1421 Νοῦς
464 1347 513 1429 ὁρῇ
537 1346 590 1411 cst
613 1350 680 1420 νοῦς
702 1346 829 1424 ἀκούει,
851 1342 963 1413 τᾶλλα
986 1344 1080 1428 κωφὰ
1102 1342 1155 1411 reci
1179 1342 1303 1427 τυφλοὶ.

310 1451 507 1517 Etiamnunc
541 1449 621 1515 milri
651 1450 708 1517 diu
737 1459 770 1517 et
797 1450 938 1517 multum
969 1451 1001 1515 in
1026 1450 1318 1517 Grammaticorum
1342 1456 1375 1515 et
1398 1450 1455 1529 dt-

266 1556 451 1625 ticistarum
484 1554 621 1623 lectione
647 1564 775 1623 versato
805 1556 941 1623 subinde
972 1554 1143 1622 admiratio
1174 1554 1261 1620 subit
1288 1554 1456 1635 animum,

266 1657 322 1747 qui
349 1660 419 1726 fieri
446 1661 587 1747 potuerit
616 1669 652 1727 ut
687 1663 719 1727 iu
743 1682 782 1731 ea
808 1661 900 1747 eopia
932 1660 1088 1725 librorum
1118 1666 1286 1738 velerum,
1317 1660 1374 1745 qui
1399 1660 1456 1727 ali·

266 1774 386 1852 quanto
418 1767 527 1832 micus
557 1775 650 1832 eraut
680 1768 790 1833 vitiosi
821 1785 918 1852 quarn
951 1766 1069 1852 quibus
1098 1783 1185 1831 nuuc
1209 1765 1352 1843 utimur,
1385 1773 1455 1833 tam

265 1871 408 1958 plumbei
428 1872 512 1947 sint,
545 1879 581 1937 ut
601 1891 639 1938 ec
660 1874 806 1939 nesciant
835 1880 892 1937 eut
920 1873 955 1939 iu
987 1872 1027 1939 iis
1047 1872 1221 1949 haereant,
1254 1869 1396 1939 titubent
1423 1878 1456 1941 et

265 1977 406 2063 turpiter
429 1997 463 2042 se
484 1976 561 2043 dare
584 1977 728 2057 soleant,
752 1979 785 2046 iu
809 1976 929 2063 quibus
952 1996 1038 2045 nune
1062 1974 1240 2063 postillam
1264 1994 1455 2042 monumen·

265 2090 374 2149 torum
397 2090 539 2169 stragem
559 2091 592 2149 et
610 2083 703 2148 libris
723 2084 780 2170 qui
799 2084 991 2169 superstites
1008 2090 1083 2149 sunt
1111 2088 1178 2147 tam
1204 2081 1326 2149 vitiatis
1346 2088 1456 2149 tameu

266 2195 362 2255 acute
384 2188 550 2253 cernimus
577 2198 610 2255 et
633 2189 759 2257 sincera
783 2209 801 2255 a
826 2190 933 2275 pravis
953 2196 1019 2257 tam
1043 2196 1132 2254 certo
1152 2185 1272 2253 iudicio
1300 2186 1455 2255 discerni·

267 2313 351 2359 mus.
399 2292 520 2380 Nempe
541 2301 612 2359 erat
632 2294 692 2360 boc
719 2302 903 2381 temporum
923 2302 957 2361 et
986 2294 1154 2361 bominum
1179 2293 1295 2359 vitium
1316 2292 1456 2379 egregiis

266 2398 434 2465 doetrinae
458 2397 612 2465 subsidiis
634 2400 835 2487 negligenter
863 2398 1037 2467 admodum
1062 2398 1246 2476 utentium,
1270 2416 1371 2483 quum
1403 2416 1456 2464 ue·

266 2523 320 2570 mo
339 2524 428 2573 unus
448 2504 568 2571 iudicio
588 2513 620 2570 et
643 2513 714 2572 arte
733 2504 859 2573 valebat
877 2514 911 2571 et
922 2504 1070 2573 homines
1086 2503 1280 2579 mediocres,
1301 2510 1334 2569 ot
1356 2503 1456 2571 eliam

268 2607 433 2692 aliquanto
455 2610 565 2674 miuus
587 2629 685 2695 quam
697 2610 896 2688 medioeres,
916 2610 986 2673 siue
1008 2628 1165 2677 censurae
1184 2615 1274 2675 metu
1299 2606 1455 2693 quidquid

266 2710 416 2779 alicunde
443 2713 657 2778 corrasissent
685 2714 827 2779 autleni
854 2732 952 2798 opera
976 2718 1009 2777 et
1031 2712 1123 2777 tenui
1147 2711 1200 2777 lilo
1223 2711 1455 2779 conscribillas·

268 2824 341 2884 seut
362 2816 395 2881 iu
414 2815 530 2902 vulgus
552 2816 701 2883 edebant.
748 2817 828 2899 Quis
851 2816 1093 2891 calomniam,
1119 2816 1176 2901 qui
1198 2814 1238 2881 de
1262 2835 1379 2901 genere
1396 2816 1456 2884 boe

265 2928 405 2988 aetatem
426 2921 594 2998 tulerunt,
627 2942 690 2987 non
714 2920 787 2987 dieo
811 2920 931 2989 iudicio
955 2920 1165 3008 ingenioque,
1187 2920 1244 2991 sed
1264 2920 1457 2991 Graecitatis

266 3028 431 3093 interioris
452 3027 588 3092 scientia
610 3034 643 3093 ot
662 3027 860 3094 Litterarum
884 3028 977 3113 copia
997 3034 1030 3095 et
1050 3046 1111 3099 usu
1130 3046 1207 3092 oum
1227 3027 1376 3095 llcsrccro
1398 3036 1456 3095 aut

267 3132 405 3198 Ponsono
423 3130 680 3217 comparandus?
727 3133 769 3199 Et
789 3131 841 3199 bis
861 3139 895 3198 et
917 3132 1089 3210 Euersam,
1113 3132 1271 3210 Boccare,
1291 3139 1324 3197 et
1347 3133 1375 3199 si
1399 3136 1455 3221 qui

265 3237 320 3303 clii
342 3236 382 3303 ad
400 3237 516 3303 borum
538 3237 768 3322 praestantiam
791 3236 969 3315 accedunt,
992 3236 1071 3323 quid
1095 3237 1138 3303 sit
1157 3236 1294 3305 Atticum
1316 3245 1373 3309 aut
1391 3258 1455 3307 uon

265 3344 308 3408 sit
331 3342 466 3409 delinire
485 3342 600 3409 utilius
619 3342 787 3429 permittes
800 3362 897 3430 quam
910 3342 1085 3409 Pacrmceo
1098 3348 1154 3409 aut
1166 3342 1297 3409 Musaeus
1319 3343 1455 3429 etquid·

263 3448 342 3535 quid
366 3457 416 3516 est
438 3449 675 3514 Atticistcrum.
723 3448 764 3513 lli
785 3468 913 3535 semper
931 3446 1115 3533 aequalium
1140 3467 1264 3517 errores
1284 3468 1321 3513 ac
1344 3449 1455 3519 sordes

263 3554 445 3641 praeceptis
466 3554 534 3620 suis
565 3551 787 3619 admiscebant
808 3561 841 3621 et
859 3551 1018 3639 quidquid
1038 3550 1198 3621 iaciebant
1219 3572 1281 3619 nou
1305 3561 1454 3639 poterant

264 3678 336 3725 sese
354 3678 394 3725 ex
413 3658 477 3724 illis
495 3657 729 3743 velutilaqneis
742 3658 911 3725 domestici
934 3665 967 3725 et
987 3656 1166 3742 quotidiani
1186 3658 1344 3727 sermonis
1365 3680 1453 3745 pror-

265 3782 321 3829 sus
349 3762 510 3849 expedire.
560 3761 621 3828 Sed
645 3761 723 3848 quid
748 3761 818 3827 illos
843 3759 1110 3847 reprehendimus
1134 3760 1280 3827 homiues
1302 3762 1455 3835 obscuros

266 3874 299 3933 et
319 3868 352 3931 in
377 3868 486 3951 ignoto
503 3866 654 3945 latentes,
675 3886 777 3954 quum
796 3865 875 3932 illud
895 3867 1002 3951 ipsum
1016 3873 1167 3952 appareat
1179 3866 1214 3931 in
1235 3866 1293 3944 iis,
1317 3888 1455 3953 quorum

267 3980 299 4037 et
313 3970 398 4060 apud
410 3970 559 4057 aequales
577 3992 695 4059 magna
712 3971 814 4058 gloria
829 3969 891 4040 luit
904 3977 938 4037 et
952 3970 1076 4043 celebre
1094 3991 1208 4039 nomeu
1222 3971 1261 4037 ob
1281 3982 1454 4043 venustum

266 4086 299 4143 et
325 4098 455 4143 careres
478 4076 605 4143 dicendi
622 4098 725 4164 genus
740 4097 779 4143 ex
792 4075 982 4145 felicissima
1004 4076 1184 4145 imitatione
1202 4075 1376 4145 Atticorum
1398 4100 1453 4147 na·

266 4189 356 4260 tum,
379 4191 412 4250 ct
431 4182 516 4268 apud
530 4202 588 4249 nos
604 4184 645 4250 ad
664 4183 751 4249 bunc
771 4182 856 4251 diem
876 4182 1042 4269 perdurat.
1090 4182 1214 4264 Quotus
1234 4188 1344 4249 autem
1368 4186 1455 4272 quis-

266 4308 329 4374 que
352 4297 422 4367 est,
439 4288 496 4375 qui
516 4288 565 4355 vel
585 4289 686 4375 possit
708 4289 757 4355 rel
770 4288 884 4356 audeat
907 4290 1073 4374 ignoratae
1099 4298 1131 4355 et
1150 4288 1282 4355 vitiatae
1294 4288 1454 4359 Graecita-

267 4396 309 4460 tis
338 4414 429 4461 reum
461 4413 557 4481 agere
588 4403 645 4459 aut
672 4396 789 4461 Ilionea
808 4397 859 4461 τὸν
880 4393 1092 4476 ricerdis-onor,
1119 4401 1176 4461 aut
1198 4394 1371 4472 Lucrinus,
1398 4404 1455 4465 aut

269 4498 501 4578 dccrrnronsu,
530 4509 586 4567 aut
607 4499 804 4587 quicumque
822 4500 935 4567 eadem
956 4498 1051 4567 laude
1082 4506 1114 4565 et
1137 4498 1253 4584 plausu
1276 4498 1453 4582 devestiri?

267 4612 379 4670 contra
402 4604 489 4670 eninr
511 4605 690 4692 plerisque,
714 4612 750 4671 ut
770 4606 846 4672 olim
866 4607 914 4672 sic
938 4626 1040 4683 nuuc,
1057 4603 1216 4691 quidquid
1239 4603 1368 4671 illorum
1394 4612 1454 4675 tes·

267 4706 350 4775 tium
371 4711 563 4779 auctoritate
584 4713 707 4778 nitatur
720 4713 799 4778 satis
819 4712 954 4798 probum
977 4718 1010 4779 et
1031 4717 1157 4781 rectum
1180 4706 1359 4790 videbitur,
1374 4713 1454 4781 mul·
