3767 5717
962 557 1027 622 alo

408 781 471 839 κεις
489 798 527 810 -
543 753 726 836 βεβρθκεις.
753 757 772 840 §
791 753 812 816 8
831 749 1085 834 άνκπδιάτπσιιτιι
1103 789 1149 830 ··-.
1162 751 1352 834 proclamare.
1378 755 1396 840 §
1417 757 1460 824 23
1480 754 1584 836 πιθει·

407 888 456 932 σιν
481 848 527 914 ..'
549 857 757 938 ἐπιβουλεύει.
790 859 849 936 46,
884 859 926 920 29
955 858 1103 942 ἐμφερεῖς
1128 881 1177 908 -·
1199 857 1341 932 ε’σικθτες.
1370 859 1454 943 §30
1478 859 1584 926 θνειδθ·

409 971 491 1052 ζνιισι
506 1005 552 1027 .-
564 967 741 1049 λσιδιρσῦσι.
766 965 871 1042 47,10
893 953 1008 1040 τιμῶσί
1029 987 1071 1044 με
1085 1006 1119 1018 -
1136 961 1263 1044 πράττω
1278 967 1352 1044 πάρ’
1365 966 1483 1048 adroic.
1509 969 1583 1051 §34

408 1069 668 1156 κατεσκευάσατο
686 1105 731 1122 -
754 1067 936 1148 εἷργάσάτι.
976 1069 1033 1146 51,
1058 1071 1101 1132 20
1120 1071 1273 1147 τεθήπασι
1288 1107 1333 1120 —-
1348 1069 1583 1148 θκυμάσσντκι,

410 1191 443 1246 et
469 1178 531 1242 alia
559 1175 655 1260 alibi,
679 1197 760 1263 quae
786 1171 1152 1262 quidempartim-nata
1171 1184 1243 1256 sunt
1264 1196 1300 1238 er
1320 1173 1584 1266 interpretatione

409 1282 570 1359 vocabuli,
589 1278 778 1369 antiquioris
807 1290 839 1342 et
867 1277 1093 1367 exquisitioris,
1125 1278 1179 1344 sed
1200 1278 1354 1368 pleraque
1374 1291 1492 1346 temere
1511 1303 1586 1371 per·

409 1401 534 1461 mutata
564 1398 643 1469 sunt
666 1410 682 1450 a
702 1383 878 1449 lectoribus
900 1394 932 1448 et
953 1383 1082 1462 scribis3
1106 1405 1171 1474 quo
1191 1383 1316 1456 cautius
1331 1385 1518 1454 versandum
1539 1398 1587 1454 est

410 1496 520 1575 iniis,
542 1514 624 1583 quae
645 1491 786 1580 aliquam
807 1487 1087 1578 reprehensionem
1106 1488 1239 1566 habent,
1259 1511 1298 1554 ne
1310 1473 1460 1556 Lucrino
1479 1492 1586 1582 impu·

408 1614 519 1680 tentor
550 1621 632 1688 quae
664 1597 718 1662 alii
736 1590 945 1686 >peccaverint
972 1606 1003 1658 et
1024 1595 1184 1688 immerito
1203 1593 1365 1684 plectatur
1387 1594 1586 1664 abalienans

410 1706 599 1781 socordiam.
646 1701 684 1767 ln
713 1702 824 1792 paucis
854 1700 1045 1791 quibusdam
1073 1713 1179 1766 tamen
1197 1713 1403 1768 ¹correctores
1427 1702 1587 1792 scriptoris

413 1814 491 1879 vitia
510 1811 727 1888 sustulerunt,
745 1797 777 1872 et
797 1807 885 1897 quod
904 1808 1056 1898 seriptum
1072 1819 1256 1898 oportuerat
1274 1807 1314 1872 de
1335 1829 1392 1882 suo
1413 1807 1588 1890 dederunt,

411 1941 449 1993 er
470 1939 543 2007 >quo
570 1938 686 2011 genere
715 1913 870 1981 nonnulla
898 1925 973 1980 sunt
994 1927 1124 1993 eorum,
1149 1936 1231 2004 quae
1249 1915 1488 2005 proposuimus,
1512 1915 1587 2004 qui·

411 2023 472 2097 bus
505 2021 584 2087 haee
609 2021 766 2087 addantur
797 2023 855 2098 10,
880 2023 942 2098 25,
967 2023 986 2096 2
1009 2021 1038 2083 ἐν
1063 2019 1106 2100 τῷ
1130 2018 1202 2101 ᾅδῃ,
1230 2031 1423 2088 correctores
1445 2021 1474 2086 ἐν
1499 2019 1585 2102 ᾅδειν.

411 2129 474 2205 43,
497 2129 518 2191 8
539 2125 711 2204 εἰσιόντων,
733 2125 782 2192 illi
803 2125 917 2190 melius
939 2123 1076 2190 εἰσιόντι.
1104 2125 1161 2200 14,
1187 2125 1228 2188 16
1249 2121 1367 2204 θμνθει,
1390 2125 1440 2194 illi
1460 2125 1586 2204 θμννμι.

340 2284 342 2288 -
414 2237 473 2311 15,
499 2235 541 2300 20
565 2239 728 2310 πολυμισῆ,
744 2232 835 2310 μέτει
859 2231 922 2306 τδνζ
939 2227 1079 2308 τέχνην,
1105 2240 1267 2304 corrector
1284 2231 1439 2312 [aerim-p.
1463 2234 1521 2308 43,
1544 2231 1586 2300 ‚ll

411 2326 605 2417 δικβιθσνς,
628 2335 726 2412 iidem
746 2334 886 2413 δικβισθς
908 2333 1129 2401 emendarunt.
1163 2339 1225 2412 45,
1247 2337 1291 2399 30
1318 2345 1350 2400 et
1378 2339 1422 2402 32
1446 2336 1587 2416 άνέῳνε,

412 2442 778 2523 οοιιειθισ,,άνε’ῳκτκι.
799 2461 896 2529 quae
926 2439 1002 2509 vitia
1031 2439 1128 2530 ipsius
1156 2431 1313 2506 esse'nee
1337 2441 1498 2514 movenda
1523 2463 1589 2512 esse

359 2636 363 2642 ⁴
411 2549 457 2616 de
487 2549 556 2616 aliis
583 2548 650 2615 iam
680 2547 889 2624 ostendimus,
913 2544 954 2615 de
979 2547 1111 2614 caeteris
1131 2569 1204 2624 mor
1225 2537 1439 2615 ostendemus.
1486 2547 1590 2638 Ipsius

414 2667 522 2728 autem
552 2654 627 2719 ritia
657 2652 701 2718 sio
730 2651 1017 2742 deprehenduntur
1046 2653 1071 2718 si
1103 2666 1305 2743 compertum
1335 2669 1382 2722 est
1408 2666 1440 2721 et
1460 2656 1500 2721 ab
1520 2657 1590 2722 aliis

413 2761 605 2852 aequalibus
635 2751 681 2824 sio
708 2776 801 2848 saepe
817 2758 955 2847 peccari
982 2759 1101 2838 solere,
1127 2771 1158 2826 et
1186 2772 1232 2826 est
1255 2761 1416 2850 quaedam
1436 2761 1589 2852 peccandi

413 2866 668 2958 perseverantia,
691 2876 738 2938 ut
768 2864 899 2953 saepius
918 2865 952 2928 in
981 2865 1092 2934 eadem
1125 2887 1159 2932 re
1188 2866 1354 2956 impingat.
1414 2866 1513 2951 Quale
1542 2880 1589 2934 est

413 2972 505 3063 quod
533 2983 715 3063 euastanter
741 2970 857 3046 errarit
876 2970 911 3033 in
931 2970 1118 3049 διδάσκομεν
1139 2981 1172 3034 et
1192 2972 1325 3040 διδάσκω
1347 2973 1589 3040 confundendis.

413 3079 568 3160 ⁸Irttcmtto
585 3075 717 3166 perinde
737 3086 784 3140 est
803 3085 913 3148 utrum
929 3075 1062 3146 διδάσκω
1083 3076 1198 3144 scribat
1218 3101 1257 3141 an
1278 3076 1591 3168 drddaaouar‚.quasi

415 3184 499 3250 nihil
526 3183 702 3273 quidquam
730 3181 895 3251 interesset
922 3191 954 3248 et
977 3202 1050 3246 usus
1073 3193 1213 3266 aeterum
1235 3204 1300 3248 non
1322 3193 1407 3248 certa
1427 3183 1490 3248 lide
1511 3205 1592 3250 con.

414 3300 533 3366 staret,
550 3287 589 3354 de
606 3307 668 3374 qua
685 3307 719 3350 re
738 3284 886 3349 dixerunt
908 3283 1104 3350 Housman.
1125 3285 1164 3350 ad
1184 3287 1323 3354 Plutum
1341 3312 1371 3378 p.
1390 3291 1416 3353 θ.
1439 3287 1590 3355 Varenu-

415 3411 514 3472 nara.
543 3390 582 3458 ad
611 3389 744 3467 dunos.
773 3414 805 3480 p.
837 3394 880 3456 70
910 3391 1084 3460 Runuunu.
1116 3391 1156 3458 ad
1187 3391 1261 3460 Tm.
1287 3417 1320 3482 p.
1351 3397 1403 3460 83.
1432 3395 1590 3472 διδάσκει,

329 3516 332 3520 ·
416 3496 594 3578 pretitulati
620 3496 825 3578 διδάσκκλσς,
856 3495 1007 3578 ὁπκτδρ
1033 3495 1084 3562 διά
1112 3501 1165 3562 τοῦ
1191 3497 1380 3564 διδκσκάλον
1409 3499 1591 3566 διδάσκεται

414 3603 481 3670 sire
508 3601 712 3682 πάιδεύετκι,
734 3601 779 3667 ita
798 3613 906 3672 tamen
928 3601 1120 3673 utsubiude
1140 3602 1294 3672 διδάσκειν
1313 3627 1372 3694 pro
1392 3603 1590 3686 διδάσκεσθάι

413 3695 574 3802 ponatur,
607 3707 759 3798 quoniam
785 3708 875 3796 quod
890 3711 970 3796 quie
982 3733 1050 3799 per
1069 3711 1174 3776 ala'um
1185 3711 1295 3796 saeit,
1324 3713 1363 3776 a'd
1379 3713 1592 3802 eprofesisae

415 3818 574 3892 uidetur,
592 3825 625 3880 et
644 3815 807 3885 communi
829 3835 888 3882 usu
896 3815 1026 3900 fecisse
1043 3815 1178 3893 dicitur,
1201 3809 1268 3880 non'
1282 3829 1411 3896 eontra,
1427 3828 1459 3882 et
1480 3815 1593 3882 absur-

413 3924 496 3990 dum
526 3931 587 3987 est·
602 3917 801 3985 διδάσκεσθαι
836 3920 942 3985 dicere
973 3919 1013 3988 de
1034 3943 1091 3998 eo,
1116 3921 1287 4011 quiquena
1308 3921 1374 4010 ipse
1395 3921 1509 4001 docet,
1531 3943 1591 4012 pro

415 4028 603 4098 διδάσκειν.,
626 4022 702 4098 ,Duo
732 4036 864 4092 tantum·
888 4037 962 4092 sunt
989 4025 1074 4115 apud
1100 4026 1411 4116 scriptoresdttieos
1432 4027 1509 4104 loci,
1534 4029 1591 4118 qui

416 4133 504 4208 hane
526 4130 638 4222 'legem
664 4127 806 4207 auolant,
831 4129 912 4198 alter
933 4130 1098 4198 Pramus
1117 4143 1164 4198 est
1181 4132 1222 4198 de
1242 4131 1325 4221 Rep.
1346 4131 1400 4198 ll.
1415 4157 1448 4223 p.
1467 4136 1545 4199 421.
1562 4153 1593 4200 tt.

416 4239 489 4310 τοὺς
505 4238 580 4307 aleis
597 4235 614 4310 ἢ
634 4232 682 4308 οὓς
702 4233 740 4299 θεν
756 4233 1021 4324 διδάσκινῇχείρονς
1037 4237 1237 4317 δημιουργοὺς
1254 4236 1431 4313 διδάξεπκι,
1457 4239 1592 4304 emenda

352 4404 356 4412 ,
418 4343 558 4420 διδάξει,
583 4339 670 4434 quod
696 4340 729 4404 in
750 4338 856 4420 διδάξῃ
874 4337 1084 4428 depravatum
1101 4340 1133 4404 in
1150 4339 1259 4404 multis
1279 4339 1368 4408 libris
1386 4363 1445 4431 pro
1461 4341 1592 4424 διδάσκῃ

418 4447 562 4542 irrepsit,
586 4444 937 4516 alterdnrsrot’uanrs
960 4457 1007 4513 est
1029 4446 1063 4512 in
1086 4446 1235 4513 Nubibus
1259 4469 1302 4514 rs.
1326 4449 1402 4514 783.
1498 4499 1502 4510 .

418 4610 422 4617 .
513 4621 519 4630 ,
585 4574 595 4607 .’
621 4552 737 4628 ὑθλεῖς.
758 4548 876 4631 ἄπερρ’,
901 4553 955 4620 οὐκ
979 4549 1027 4622 ἂν,
1042 4551 1229 4630 delegatione
1252 4553 1282 4618 τ’
1306 4550 1363 4618 ἔτι.

419 4675 519 4750 quem
546 4656 697 4755 restituit·
713 4657 868 4731 lionam
887 4654 934 4726 ad
955 4656 1111 4727 araneam
1133 4681 1182 4724 rs..
1198 4660 1273 4726 290.
1297 4660 1350 4723 οὐκ
1374 4656 1594 4737 assertam
