3767 5717
968 597 1035 662 226

410 794 550 865 restituit
577 792 757 873 uiatores,
791 794 899 883 neque
926 790 1096 883 qnisquam
1125 792 1167 859 ud
1185 790 1271 861 banc
1295 792 1404 861 loceris
1423 793 1589 865 dubitabit

409 924 538 969 mecum
567 896 738 967 emendare
769 898 1019 965 Antiatticistam
1049 902 1202 968 Bmuur
1230 900 1357 969 Anecd.
1388 901 1416 972 1.
1446 927 1479 994 p.
1507 910 1589 987 112,

410 1012 463 1075 29.
487 1008 728 1073 πέπαυνταιι
757 1006 793 1071 τὸ
821 1004 1037 1080 πληθυντικόν.
1067 1007 1081 1071 ὁ
1106 1008 1203 1080 αὐτὸς
1228 1006 1445 1097 (Δεινόλοχος)
1469 1019 1590 1093 Kopai&

408 1112 612 1195 δυτρανιρδία.
637 1123 724 1177 certa
743 1108 924 1197 emendatio
946 1121 994 1176 est
1013 1111 1206 1186 πέπλυνπαι.
1262 1112 1347 1197 Quid
1373 1126 1483 1181 autem
1509 1130 1589 1183 cau-

408 1238 460 1282 sae
482 1228 529 1283 est
547 1237 607 1282 our
626 1215 797 1284 uehemens
818 1214 1038 1281 Atticistaram
1060 1215 1256 1295 adversarius
1277 1216 1340 1283 hoc
1359 1222 1585 1289 annotaverit?

406 1319 533 1413 Nempe
563 1322 677 1389 eudem
708 1323 787 1389 olim
815 1321 902 1413 apud
935 1321 1107 1389 Graeculos
1134 1324 1350 1390 controversia
1377 1324 1459 1406 luit,
1488 1351 1588 1418 quam

406 1425 625 1497 Scusrrraos
651 1429 685 1494 ll.
707 1429 743 1496 ll.
779 1428 884 1518 attigit
913 1427 955 1493 de
989 1428 1101 1493 formis
1130 1429 1164 1495 in
1196 1454 1304 1509 -urar,
1337 1442 1446 1497 utrum
1476 1456 1589 1501 omnes

406 1533 576 1624 singularis
592 1533 737 1614 numeri,
757 1557 797 1599 au
818 1532 956 1599 subinde
973 1545 1005 1599 et
1022 1533 1157 1624 pluralis
1176 1547 1291 1612 essent.
1309 1537 1476 1605 inuentae
1496 1540 1586 1630 quod

405 1662 516 1709 verum
535 1656 603 1709 erat
623 1643 802 1710 docebantz
825 1643 1014 1723 κέκρανται,
1038 1641 1220 1724 πέφανται,
1243 1641 1390 1723 ἔξαιται,
1415 1644 1588 1727 resspon-

403 1767 473 1827 ται,
489 1750 701 1829 παρώξυνται,
722 1748 984 1828 λελάμπρυνται,
1001 1747 1216 1828 πεπέρανται,
1234 1747 1449 1828 μεμάλυνται,
1472 1747 1587 1829 τετρα-

402 1872 539 1933 χυνται,
577 1854 742 1936 ἐξήρανται
783 1865 816 1920 et
849 1852 965 1919 similia
1002 1851 1109 1919 omnia
1146 1873 1215 1919 esse
1249 1853 1419 1944 singularis
1449 1854 1586 1923 numeri.

405 1953 604 2047 Obloquitur
622 1959 635 2024 i
654 1960 913 2036 Ἀυταττικιςήςι
935 1957 970 2022 in
990 1980 1056 2048 quo
1075 1957 1150 2048 plns
1164 1971 1221 2024 est·
1233 1958 1423 2025 eruditionis
1444 1959 1484 2048 (si
1498 1959 1586 2025 rama

404 2074 437 2129 et
459 2062 572 2131 diffusa
590 2064 687 2130 lectio
706 2063 894 2131 eonomine
915 2062 1013 2153 digua
1032 2069 1093 2148 est)
1115 2086 1214 2154 quem
1233 2062 1347 2131 indicii
1364 2076 1398 2130 et
1418 2064 1589 2132 acuminis.

324 2166 327 2173 ’
405 2166 565 2237 Admovet
584 2181 751 2260 tamquam
767 2166 951 2235 machinam
972 2190 1065 2234 suum
1086 2170 1284 2252 πέπλυνται,
1307 2172 1399 2261 quasi
1415 2171 1463 2236 sio
1482 2192 1586 2260 nego·

404 2274 487 2351 tium
513 2270 697 2343 conlectum
726 2272 821 2341 ossei:
850 2273 958 2364 atqui,
987 2297 1008 2339 o
1027 2274 1132 2353 bone,
1156 2272 1197 2338 de
1217 2275 1388 2355 πέπλυμαι
1409 2275 1499 2340 nulla
1519 2276 1585 2343 init

403 2400 558 2471 umquam
586 2376 747 2461 dubitatio
779 2404 884 2473 neque
913 2375 959 2447 de
982 2378 1071 2462 κρίνα
1087 2380 1261 2461 Ικέκριμαι,
1293 2380 1387 2455 κλίναι
1410 2381 1584 2461 κέκλιμαι,

393 2482 489 2551 'estve
512 2484 670 2568 τέταμαι,
691 2488 878 2580 penultimis
897 2486 1063 2577 correptis.
1087 2486 1136 2551 ile
1154 2497 1279 2551 caetera
1297 2486 1391 2577 cop'ia
1412 2486 1585 2555 verborum

402 2588 435 2655 in
458 2592 550 2657 -clsor
574 2606 610 2660 et
636 2596 728 2675 -ύνα,
760 2594 841 2659 cedo
862 2591 942 2659 mihi
961 2615 1058 2665 unam
1080 2592 1217 2657 formam
1240 2592 1275 2657 in
1295 2592 1405 2677 -αυται
1425 2605 1459 2658 et
1477 2616 1586 2660 -υνται

403 2694 488 2787 apud
518 2700 691 2789 probatum
720 2698 927 2792 scriptorem,
958 2720 1042 2789 quae
1067 2720 1132 2763 non
1156 2697 1198 2763 sit
1217 2697 1385 2787 singularis
1405 2698 1533 2763 numeri
1551 2710 1586 2764 et

402 2802 525 2893 aliquid
558 2806 672 2874 dixisse
688 2807 869 2874 ³sideberis.
917 2805 965 2872 si.
983 2806 1055 2896 quis
1079 2804 1166 2870 inter
1189 2804 1362 2894 legendum
1391 2805 1587 2897 compererit

402 2920 525 2977 certum
546 2925 579 2979 et
594 2926 879 3005 perpetuum-esse
898 2910 987 2977 huno
1007 2933 1120 2989 usum,
1144 2932 1241 3000 quem
1263 2910 1476 2991 vindicamus,
1504 2933 1585 2977 con·

401 3024 532 3081 temnet,
550 3027 746 3109 poetastrcs,
782 3016 957 3085 Graeculos
986 3028 1019 3081 et
1045 3015 1181 3093 scribas,
1213 3014 1269 3105 qni
1291 3037 1329 3081 er
1354 3016 1480 3082 inscitia
1502 3038 1584 3083 oon·

401 3117 582 3188 fundebant
601 3125 673 3190 illas
694 3124 811 3189 lorruas
829 3136 885 3189 aut
903 3121 1131 3214 depravabant.
1179 3121 1244 3186 Alii
1264 3123 1351 3188 enim
1370 3122 1530 3214 putabant
1543 3120 1582 3187 in

400 3223 439 3290 iis
459 3226 495 3291 τὸ
523 3227 623 3308 τρίταν
650 3228 809 3309 πρόσωπον
837 3233 897 3293 τῶν
921 3228 1025 3293 ἑνικῶν
1051 3225 1212 3308 ὁμόφωνον
1235 3222 1313 3292 εἶναι
1335 3231 1392 3324 τῷ,
1402 3227 1495 3309 τρίτῳ
1520 3232 1582 3293 τῶν

400 3326 612 3405 πλκθυντικῶν
635 3332 674 3405 ὥς
695 3334 733 3398 τὸ
752 3332 918 3415 ἐξήρανται
941 3331 996 3396 καὶ
1022 3332 1246 3414 κατῄσχυνται
1261 3331 1325 3406 ἴκαὶ
1348 3330 1408 3398 ὅσα
1427 3336 1580 3410 τοιαῦτα,

401 3434 437 3499 αι’
456 3434 501 3500 ait
523 3433 760 3505 Scholiastaad
784 3439 925 3516 Platean,
948 3459 991 3503 us.
1012 3439 1090 3503 635.
1110 3448 1143 3502 et
1164 3434 1228 3502 hoc
1250 3436 1383 3529 quidem
1402 3458 1503 3527 genus
1526 3434 1582 3501 in-

400 3541 531 3608 noxium
548 3555 610 3623 est3
629 3544 683 3609 alii
699 3542 874 3609 credebant
889 3542 1007 3608 formas
1021 3539 1284 3622 λελάμπρυνται,
1304 3542 1452 3623 ἔξαυται,
1468 3543 1582 3621 αἰτήμ-

399 3647 552 3727 βλυνται,
572 3648 805 3728 αὶπήμβλυντο,
830 3648 1029 3727 (debellasset
1054 3670 1122 3728 esse
1136 3649 1293 3738 pluralis
1313 3649 1440 3714 numeri
1461 3661 1495 3714 et
1513 3659 1582 3713 sto-

400 3750 466 3817 lidc
486 3752 726 3844 interpolabant
746 3752 838 3818 locos.
854 3774 983 3831 omnes,
1012 3752 1071 3819 ubi
1089 3755 1288 3843 singularia
1306 3776 1375 3819 esse
1392 3766 1583 3845 appareret,

400 3857 499 3923 ouius⁴
512 3860 558 3924 rei
579 3860 703 3950 egregia
724 3858 868 3950 exempla
887 3856 1106 3924 Seuerianus
1125 3858 1273 3946 collegit,
1298 3870 1353 3923 aut
1373 3860 1459 3925 euim
1478 3884 1493 3924 ν
1511 3858 1583 3925 eri·
1662 3866 1668 3875 “

399 3962 586 4049 mebautet
606 3964 739 4029 barbare
758 3964 939 4030 scribebant
962 3962 1207 4045 λελαμπρυται,
1232 3965 1448 4044 αὶπήμβλυτι,
1472 3963 1579 4044 βεβαί-

399 4068 507 4146 teror,
540 4080 596 4133 aut
624 4070 804 4137 subiectum
832 4071 994 4160 singulare
1024 4090 1083 4159 per
1108 4070 1173 4134 rim
1199 4070 1232 4134 in
1252 4070 1379 4159 plurale
1399 4069 1582 4137 mutabant.

400 4170 566 4252 κέκρανται
588 4176 736 4258 συμφοραὶ
756 4177 789 4242 in
810 4178 976 4243 lluurrinrr
995 4174 1208 4264 depravarunt
1229 4176 1263 4241 in
1284 4175 1475 4259 συμφοραί,Ι
1493 4188 1527 4241 ct
1542 4173 1576 4238 in

400 4274 508 4343 iocoso
528 4255 688 4347 versiculo.
704 4281 744 4348 de
765 4282 893 4348 senibus
914 4280 1126 4349 amatoribus:

557 4382 712 4470 cissloxbc
737 4390 795 4468 μὲν
818 4388 1055 4467 ιέπιᾷμβλυυταιΙ
1077 4387 1170 4465 θυμὸς
1193 4386 1226 4452 δὲ
1250 4390 1388 4470 μενοινᾷ.
1547 4472 1553 4479 ,

404 4486 528 4557 bruttii.
549 4490 619 4560 XV.
639 4518 671 4584 p.
693 4497 757 4559 592
779 4512 811 4559 s.
833 4491 887 4557 alii
907 4491 1127 4570 αὶπήμβλυται
1147 4490 1309 4571 scribunt,
1333 4489 1389 4555 alii
1406 4486 1482 4571 ὥρα,
1507 4487 1577 4553 Eu-

401 4598 574 4663 srarsuus‘·
590 4599 677 4681 υῦραί
706 4598 810 4679 dedit,
826 4650 829 4656 .
843 4609 895 4685 ut¹
909 4597 1046 4690 pluralis
1076 4598 1312 4678 ἄπιὶμθλυιται
1343 4596 1466 4664 seilicet
1489 4594 1578 4660 :rado

400 4702 583 4773 constaru'l
612 4701 731 4781 Verum
753 4703 880 4775 ridetur
898 4704 970 4789 odeis
985 4702 1052 4784 μὲι
1074 4702 1321 4784 ἀπήμβλυνται.
1355 4702 1395 4769 lu
1425 4701 1583 4791 Odyssea
