3767 5717
960 572 1023 635 172
1064 598 1070 607 ·

297 857 300 863 Δ
408 764 584 850 Στάτειραν
609 765 784 850 πρόφασιν,
817 789 855 833 ex
877 764 1050 831 Homerico
1067 761 1247 846 Πάτροκλον
1265 761 1436 847 πρόφασιν.
1484 762 1588 829 Deui-

408 896 472 965 que
491 898 523 964 p.
547 874 625 950 140,
646 875 700 937 22.
724 872 872 951 ἀξιοῦμεν
894 874 936 944 εἰς
957 873 1013 945 τὴν
1033 868 1219 949 ἐκκλησίαν,
1243 884 1354 935 rerum
1373 879 1421 935 est
1440 854 1583 947 in‘oierr.

454 978 493 1043 In
524 978 747 1043 anoruorrr
779 976 923 1045 Erursro
954 974 1184 1053 describendo,
1222 975 1313 1039 cuius
1341 977 1419 1041 item
1452 972 1585 1039 unicum

412 1084 595 1174 exemplum
616 1084 648 1147 in
671 1082 785 1149 eodem
808 1082 926 1151 Codice
945 1082 1141 1147 Florentino
1163 1081 1365 1160 continetur,
1393 1079 1510 1170 passim
1531 1100 1588 1142 ea·

412 1189 486 1255 dem
523 1188 718 1279 negligentia
756 1201 788 1255 et
821 1170 965 1255 socordia
996 1187 1110 1255 versati
1141 1198 1234 1264 sunt,
1266 1188 1356 1251 cuius
1389 1186 1436 1251 rei
1463 1183 1587 1271 insigne

412 1296 595 1385 exemplum
618 1294 688 1361 vide
708 1319 738 1385 p.
763 1298 822 1374 16,
844 1301 863 1361 3
884 1294 1026 1361 Locum..
1052 1296 1137 1373 6,ss
1158 1290 1303 1358 Paruum
1325 1293 1368 1357 rot
1397 1290 1493 1371 χείλη
1519 1294 1585 1361 τοῖς

412 1399 537 1479 χείλεσι
563 1404 705 1482 φιλοῦσαι
727 1400 910 1483 conspectos
932 1422 1030 1489 quam
1048 1398 1222 1483 absurdum
1240 1398 1280 1463 sit
1299 1395 1483 1477 correptos
1504 1390 1587 1457 nibil

418 1526 498 1593 opus
524 1515 571 1568 est
591 1503 701 1569 multis
724 1503 890 1593 explicare.
940 1504 976 1569 lu
1001 1502 1120 1569 Codice
1140 1526 1207 1569 esse
1225 1502 1342 1567 dicitur
1360 1499 1589 1580 συνηραφῆκει,

418 1608 505 1673 unde
535 1608 691 1675 Locnms
714 1610 896 1693 conspectos
922 1608 1065 1686 effinxit,
1089 1610 1229 1674 Basrrus
1248 1607 1282 1671 iu
1301 1604 1455 1695 Append.
1474 1602 1590 1691 Epist.

421 1710 505 1777 orit.
525 1737 559 1802 p.
581 1720 634 1780 55.
653 1715 889 1795 συνερρκφήκει.
931 1712 966 1779 Si
987 1714 1127 1780 anrrus
1145 1714 1212 1803 ipse
1233 1711 1385 1778 Codicem
1405 1708 1589 1798 descripsis-

341 1830 344 1837 '
418 1828 465 1883 set
496 1826 550 1881 aut
579 1816 722 1893 vidisset,
742 1817 902 1885 malesana
923 1819 1078 1908 scriptura
1101 1841 1277 1908 numquam
1297 1828 1371 1883 nata
1391 1827 1446 1880 aut
1467 1813 1590 1879 dudum

419 1920 587 1987 emendate
608 1920 728 1987 fuisset.
774 1920 813 1985 In
838 1922 908 2012 ipso
923 1923 1054 1991 -Codice
1078 1950 1169 2005 rornp
1190 1926 1223 1989 iu
1244 1935 1384 1989 extremo
1405 1942 1497 1987 versu
1517 1941 1591 2008 per-

417 2027 527 2117 spicue
558 2026 787 2115 scriptumest
819 2048 891 2093 cum
920 2028 1059 2094 literulis
1079 2028 1291 2118 quibusdam,
1315 2050 1397 2118 quae
1417 2026 1451 2091 in
1471 2024 1591 2089 tenuis·

419 2133 496 2197 sima
518 2130 674 2219 scriptura
697 2130 747 2195 vir
768 2131 869 2221 oculis
889 2144 1082 2213 cernuntur,
1107 2146 1176 2199 tum
1196 2159 1242 2199 κει
1263 2135 1297 2199 iu
1315 2154 1410 2200 rersu
1427 2142 1590 2221 sequente.

415 2237 592 2303 Intendens
621 2236 788 2303 oculorum
819 2240 919 2307 aciem
953 2240 1081 2305 tandem
1112 2240 1242 2307 distinxi
1264 2240 1325 2319 μό,
1354 2250 1387 2304 et
1409 2234 1590 2316 cernentur

417 2355 580 2409 exaratum
616 2364 683 2407 esse
718 2342 840 2409 ridebit
875 2346 931 2435 qui
970 2344 1104 2436 posthac
1131 2347 1251 2411 librum
1279 2343 1445 2434 inspiciet,
1475 2340 1592 2405 caeteri

420 2449 542 2513 interea
562 2446 657 2525 mihi,
676 2471 784 2537 spero,
808 2450 905 2515 fidem
925 2450 1108 2517 habebunt,
1149 2451 1295 2517 Caeteras
1317 2451 1416 2516 bonas
1438 2445 1592 2512 lectiones
1622 2534 1627 2541 Ι
1697 2474 1699 2477 >

420 2552 506 2619 unici
532 2550 659 2618 Codicis
681 2556 866 2644 propediem
887 2558 1008 2621 amicus
1025 2578 1116 2621 meus
1134 2557 1259 2646 publici
1277 2556 1354 2621 iuris
1372 2552 1477 2619 faciet.

348 2673 356 2679 ”
462 2657 501 2723 In
532 2659 645 2724 eodem
675 2658 759 2725 libro
787 2660 894 2727 Loucl
912 2660 1118 2727 Pastoralz'n
1136 2661 1265 2740 insunt,
1288 2682 1370 2750 quae
1392 2680 1440 2723 res
1463 2666 1594 2746 propter

323 2773 325 2777 ’
421 2761 600 2831 Goumuuu
625 2766 794 2835 inventum
819 2778 851 2833 et
871 2766 1010 2833 hominis
1031 2767 1259 2857 elegantissimi
1278 2767 1394 2855 scripta
1414 2763 1453 2829 nd
1477 2784 1593 2827 unum-

420 2894 583 2961 quemque
605 2884 637 2937 et
656 2892 918 2960 unamquamque
942 2872 1095 2960 pervenit.
1145 2870 1321 2961 Equidem,
1343 2891 1444 2958 quum
1465 2867 1595 2933 notissi-

419 2999 505 3041 mam
523 2976 598 3040 libri
616 2987 738 3065 partem
756 2997 852 3063 quam
873 2977 964 3065 potui
983 2976 1224 3066 diligentissime
1239 2988 1433 3053 excuterem,
1452 2974 1595 3064 comperi

423 3078 654 3157 Coumuuruu,
674 3089 796 3143 caetera
807 3078 1025 3146 quornourr
1041 3094 1152 3147 natura
1168 3094 1199 3147 et
1219 3082 1347 3171 ingenio
1360 3081 1435 3146 satis
1445 3080 1595 3157 similem,
1696 3130 1703 3141 .

421 3184 593 3249 candorem
617 3195 648 3249 et
668 3182 864 3273 probitatem
886 3184 1120 3252 Xuaoruourrs
1143 3209 1209 3251 non
1228 3186 1354 3251 referre.
1400 3185 1503 3250 Nemo
1523 3205 1595 3254 um·

348 3324 352 3331 ·
418 3310 519 3377 quam
550 3286 657 3352 Lotor
688 3287 841 3353 Godicem
873 3288 1105 3357 Florentinum
1138 3291 1294 3370 versabit,
1328 3292 1406 3380 quin
1436 3289 1596 3378 intelligat

423 3391 637 3461 Gouurumuu
670 3394 823 3489 scientem
859 3394 934 3461 dolo
963 3398 1049 3462 malo
1085 3420 1155 3463 eam
1185 3409 1309 3487 partem
1340 3396 1596 3474 Pastoralium,

421 3521 520 3589 quam
547 3502 668 3588 primus
697 3524 812 3566 noram
841 3514 872 3570 et
897 3502 1050 3569 ineditam
1079 3503 1265 3592 reperisset,
1294 3502 1393 3567 offuso
1417 3510 1595 3566 atramento

422 3604 593 3683 delevisse,
628 3628 668 3671 ue
697 3626 851 3696 umquam
879 3630 897 3671 a
922 3631 1086 3698 quoquam
1112 3608 1176 3697 legi
1194 3618 1301 3698 posset
1322 3627 1358 3671 ac
1377 3605 1436 3669 sibi
1457 3606 1525 3671 laus
1543 3606 1598 3671 in·

423 3712 509 3777 renti
531 3712 775 3802 praeriperetur.
818 3712 1007 3804 Improbum
1028 3714 1090 3780 hoc
1111 3714 1235 3779 facinus
1254 3725 1301 3779 est
1322 3724 1354 3777 et
1375 3712 1414 3777 ab
1434 3711 1522 3776 illius
1541 3712 1599 3779 riri

422 3839 556 3908 persona
566 3866 575 3895 ,
608 3839 704 3905 quem
736 3839 836 3905 quum
862 3818 998 3907 legimus
1029 3843 1138 3889 omnes
1169 3819 1363 3885 admiramur
1387 3830 1420 3883 et
1439 3840 1599 3896 amamus,

425 3920 654 3986 alienissimum
683 3920 821 4017 ridetur.
871 3922 994 4002 Credo,
1023 3937 1087 3990 tam
1117 3926 1183 3990 alto
1211 3925 1381 4015 supercilio
1406 3924 1599 4016 despiciebat

425 4025 675 4103 homunciones,
706 4050 786 4117 quos
806 4028 864 4093 sibi
888 4040 920 4095 et
940 4052 997 4094 suo
1016 4030 1147 4096 invento
1167 4030 1309 4097 insidiari
1329 4031 1548 4122 suspicabatur
1567 4038 1600 4092 et

377 4202 378 4205 ,
426 4132 510 4199 elam
539 4130 600 4197 sibi
625 4131 752 4197 laudem
777 4155 814 4198 ac
833 4132 974 4201 fructum
994 4141 1047 4199 τοῦ
1071 4136 1215 4215 ignotos,
1244 4142 1294 4221 (ut
1314 4149 1384 4203 tum
1404 4138 1534 4226 quidem
1554 4133 1601 4199 ri·

428 4237 597 4327 debatur),
632 4240 791 4329 surripere
813 4239 939 4319 moliri,
972 4252 1009 4305 ut
1029 4240 1112 4307 nihil
1133 4242 1277 4308 nonsibi
1297 4244 1329 4307 in
1353 4267 1406 4309 eos
1427 4244 1524 4310 licere
1542 4262 1604 4331 pu·

428 4356 510 4410 taret
531 4356 563 4411 et
582 4344 679 4436 plone
700 4344 840 4411 hostium
863 4345 935 4410 loco
957 4344 1104 4426 haberet,
1119 4372 1212 4438 quos
1233 4350 1381 4414 omnibus
1401 4349 1521 4411 artibus
1542 4344 1605 4407 cir·

428 4451 613 4517 cumvenire
644 4451 693 4515 ius
724 4450 835 4538 fasque
867 4462 958 4517 essct.
1005 4451 1194 4543 Improbum
1218 4455 1343 4521 facinus
1362 4463 1424 4528 cst,
1454 4450 1605 4538 inquam,

430 4554 485 4619 sed
516 4556 542 4621 si
573 4556 600 4623 is
627 4553 794 4645 improbus
825 4576 891 4621 esse
923 4556 1061 4623 voluerit
1087 4557 1170 4624 nihil
1202 4558 1241 4623 ad
1268 4576 1452 4641 nosceres
1473 4553 1605 4628 attinet,

431 4681 536 4750 neque
559 4661 594 4725 iu
613 4672 687 4727 eum
709 4659 830 4727 iudices
851 4660 1014 4743 sedemus3
1034 4664 1067 4731 id
1088 4676 1197 4730 nostra
1215 4663 1330 4741 refert,
1355 4684 1418 4752 qua
1440 4660 1524 4741 fide,
1543 4684 1607 4750 qua
