3767 5717
973 632 1021 703 ''48

415 833 491 880 sero
511 813 626 878 catum
645 812 777 879 rer-bour
799 819 868 890 est,
888 832 952 899 quo
974 823 1006 879 et
1024 814 1092 900 ipso
1120 812 1220 879 oratio
1245 810 1450 879 llnuosrnnnrs
1471 808 1514 879 xl
1536 810 1588 879 ubi

417 939 450 1006 p.
466 923 550 994 155,
565 924 603 984 ro
625 917 742 1003 legitur
763 917 1013 999 σκορακίζονται,
1034 919 1143 1004 spuria
1166 938 1235 985 esse
1257 919 1414 1005 arguitur.
1445 916 1469 1006 3
1492 922 1522 984 u.
1546 920 1590 993 είς

417 1027 473 1091 οὐκ
497 1022 662 1102 εὐδαίμονα
684 1024 754 1102 βίον
777 1024 961 1105 προαίρεσινι
987 1022 1143 1110 quomodo
1171 1024 1340 1107 προαίρεσις
1369 1023 1468 1109 possit
1490 1015 1591 1089 εθδαί·

419 1154 485 1208 μων
509 1148 578 1194 esse
603 1148 665 1193 non
689 1128 794 1205 rideo,
817 1127 1026 1213 intelligerem
1056 1131 1109 1194 οὐκ
1129 1131 1319 1209 εὐσχήμονα.
1340 1166 1383 1179 -
1403 1130 1442 1202 ὡς
1471 1127 1589 1193 ἀδικονε

418 1232 490 1319 lopo
507 1232 628 1306 ἀδίκοις.
652 1230 718 1320 36.
743 1232 834 1313 ψαθυ
857 1228 1123 1313 καίδιαλθξομαιε
1145 1234 1272 1319 scripsit
1288 1233 1410 1315 ψαύσω.
1433 1231 1589 1301 -οθιιέσι

418 1339 622 1422 μσφαιδρσῖς
645 1345 709 1409 τοῖς
731 1337 869 1416 ὄμμασιν
887 1339 1000 1418 θψεσαι
1026 1339 1192 1419 μειδιῶσαε
1218 1335 1361 1415 fallitur,
1383 1356 1456 1403 nam
1479 1336 1590 1419 θψεται

419 1453 470 1510 est
492 1443 618 1516 cuturn
641 1442 818 1527 requiritur
839 1442 987 1527 adspiciet
1016 1442 1261 1525 προσβλέψεται.
1297 1441 1321 1531 3
1345 1447 1374 1508 7.
1406 1442 1503 1517 ἐκείνη
1531 1463 1592 1521 γει

421 1548 498 1637 quid
510 1547 572 1615 sibi
587 1546 669 1614 vvelit
680 1546 860 1625 pediliioilo
876 1546 976 1614 dictu.
1001 1546 1069 1637 38.
1091 1551 1259 1626 συλήσασα
1277 1550 1458 1622 ἀνηλεῶςε
1480 1544 1594 1613 melius

419 1660 542 1730 νηλεῶς.
582 1652 659 1741 39.
681 1652 732 1716 καὶ
756 1659 894 1717 λαλεῖν
926 1654 978 1719 καὶ
1002 1653 1157 1737 νράφεινε
1189 1650 1594 1731 transportabantur

420 1768 554 1827 veteres.
582 1757 691 1825 Utrius
713 1756 755 1823 sit
770 1777 868 1822 error
880 1777 942 1823 nou
964 1755 1055 1823 incito
1068 1765 1116 1823 est
1126 1757 1293 1845 dispicere.
1342 1754 1525 1821 Ridiculum
1545 1764 1594 1822 est

422 1872 534 1933 λαλείν
551 1862 607 1929 sed
619 1880 730 1929 omnes
740 1861 862 1927 dudum
874 1863 920 1927 itu
939 1860 1104 1941 errabant,
1125 1870 1161 1929 ut
1181 1864 1311 1949 impune
1333 1860 1454 1927 terrent
1472 1878 1592 1927 omncs.

466 1970 569 2055 Epist.
584 1973 637 2035 59.
660 1968 734 2047 μηδ’
756 1967 936 2049 exoptatur:
958 1967 1063 2033 scribe
1078 1969 1188 2050 ἀααρή.
1224 1970 1286 2033 Pro
1302 1966 1519 2048 διαζευχθῆναι
1532 1966 1594 2032 usi·

421 2074 524 2142 tatius
550 2080 620 2141 erut
636 2072 830 2153 διαζνγήναι.
850 2110 896 2123 -··
916 2072 1072 2140 Δέσποινα
1095 2073 1260 2157 Ἀφροδίτη
1286 2079 1350 2139 tam
1375 2070 1454 2139 bene
1483 2072 1596 2139 Groco'c

423 2186 516 2246 sonat
540 2186 637 2263 etque
660 2179 748 2261 copel
777 2178 968 2254 Ἀθηναίοις,
997 2179 1083 2263 μετὰ
1115 2176 1317 2260 Ἀλεξάνδρου
1348 2184 1427 2254 cet,
1451 2196 1531 2264 quae
1563 2178 1593 2243 in

422 2283 587 2352 codicibus
614 2282 791 2368 leguntur,
828 2284 954 2349 Graecis
983 2282 1127 2349 inaudita
1162 2282 1314 2357 iueruut;
1339 2300 1457 2367 repone
1481 2282 1595 2367 ubique

336 2449 339 2453 .
419 2390 578 2457 Δέσποιθ.
600 2421 648 2437 -·-
667 2389 817 2462 κλινθεῖσα
839 2395 981 2455 τοσοῦτον
1003 2386 1127 2469 χρθνονε
1151 2388 1286 2453 restitue
1306 2389 1341 2452 ἐκ
1359 2387 1500 2453 τοσούτου
1522 2382 1592 2467 xpi·

424 2517 484 2562 νου.
509 2492 533 2582 3
554 2498 586 2559 2.
613 2494 873 2572 ἀπσαοιμήσασα;
898 2493 1018 2559 Verum
1039 2501 1086 2559 est
1106 2493 1370 2572 κατακοιμίσασα.
1397 2491 1463 2581 35.
1484 2501 1592 2572 Περσε-

424 2600 525 2683 Φθνη;
549 2598 848 2681 Αίίίαὶψερσεψθνη.
880 2596 948 2685 35.
971 2598 1194 2664 ἀπεδύσατο
1219 2596 1255 2664 πθ
1277 2600 1435 2679 χισάνιοντ
1460 2594 1596 2661 sarbara

426 2704 527 2771 iorrnc
545 2704 695 2771 δθσαοθαι
719 2724 777 2790 pro
796 2706 881 2769 δῦναι
902 2702 986 2789 apud
1003 2722 1112 2769 omnes
1135 2702 1306 2769 Graeculos
1325 2702 1357 2767 in
1379 2720 1439 2768 usn
1463 2709 1529 2778 est,
1546 2718 1598 2787 po·

425 2811 553 2895 luitque
576 2810 746 2875 Arctonnon
772 2809 823 2875 uti
854 2828 927 2874 cum
957 2806 1102 2893 reliquis;
1128 2807 1181 2875 bio
1202 2816 1309 2875 tamen
1332 2808 1518 2875 sententiae
1552 2824 1599 2871 ra·

427 2915 473 2981 tio
497 2912 824 3000 postutatzomloce
845 2914 881 2988 δή
903 2914 938 2979 οδ
967 2914 1115 2993 χιτώνιον.
1153 2910 1231 3000 36.
1267 2914 1348 2987 νίκην
1379 2914 1597 2995 ἀποφήνασθαι

426 3013 484 3095 ’σήν
504 3019 711 3099 optabilior:
731 3024 765 3083 et
784 3017 847 3082 alio
861 3018 989 3083 nomino
1008 3016 1085 3083 boec
1103 3018 1278 3103 suspicioso
1292 3026 1367 3085 sunt
1389 3026 1421 3084 et
1441 3016 1524 3103 quod
1544 3018 1599 3091 τήν
1688 3016 1696 3023 “

427 3123 510 3196 νίκην
538 3122 652 3205 utique
684 3123 842 3208 scriptum
865 3121 1015 3208 oportuit.
1073 3122 1238 3208 legerim:
1273 3128 1358 3190 νικᾶν
1381 3122 1600 3206 ἀποφήνασθαι

428 3229 483 3303 τήν
502 3227 703 3309 Θρυαλλιδα,
730 3236 765 3292 ut
778 3226 884 3309 -ixproo
904 3230 989 3293 νικάν
1001 3227 1161 3309 Αἰσχύλον
1177 3225 1210 3293 in
1236 3228 1331 3295 Recio
1352 3232 1448 3295 1475.
1462 3226 1605 3309 *περὶ

427 3329 534 3405 ἀλλην
558 3329 751 3413 scruplosis:
780 3331 863 3404 mule
884 3331 1027 3399 abundat
1054 3334 1253 3420 praepositio.
1287 3332 1310 3423 3
1337 3338 1366 3401 7.
1391 3334 1533 3399 πλούσιον
1555 3356 1601 3399 κε·

420 3435 637 3519 ,κληρονθμηιιε
656 3436 798 3518 welpo:
821 3436 922 3508 Attici·
940 3437 1086 3503 πλουσίου
1113 3439 1253 3521 πασρθς,
1282 3438 1438 3507 docebunt
1453 3438 1511 3505 hoo
1539 3438 1602 3503 bla-

418 3542 548 3628 ‘pisti-i,
580 3539 651 3605 ride
679 3542 878 3608 Punrurcuuu
907 3562 937 3629 p.
963 3546 1036 3609 129.
1065 3543 1208 3609 Frustra.
1241 3543 1318 3631 38.
1344 3546 1512 3624 ὲςιιίμείαε
1541 3543 1601 3627 leg.

430 3645 627 3726 ἕειασθμεθα.
648 3681 695 3696 -—
711 3647 762 3712 σὸν
781 3648 842 3713 clv
861 3649 1012 3724 Ἄδωνιν,
1035 3644 1067 3713 δν
1084 3652 1134 3715 νῦν
1147 3649 1348 3729 περιψθχειοε
1374 3648 1485 3715 ultima
1508 3646 1603 3713 verba

429 3760 573 3838 arguunt
595 3750 647 3817 σθν
670 3772 739 3819 esse
762 3752 1020 3840 expungendum.

416 3915 418 3920 .
476 3856 562 3923 Libri
583 3856 624 3920 ll.
659 3856 761 3943 Epist.
788 3866 818 3925 1.
852 3865 912 3923 τῶν
930 3856 1148 3937 διαδημάτισντ
1169 3856 1332 3943 aliquanto
1353 3857 1468 3924 melius
1486 3862 1538 3923 σοῦ
1563 3858 1604 3922 δι·

431 3963 591 4040 αδήμασος
615 3960 762 4027 dodisset.
795 3962 873 4049 3θ.
910 3964 963 4028 καί
987 3962 1163 4041 ήλονημθνη
1188 3973 1287 4031 σιωπῶ
1299 3981 1312 4031 :·
1331 3962 1407 4050 quid
1431 3964 1472 4027 sit
1492 3967 1604 4041 ήλονη-

431 4065 508 4143 μένη
534 4063 652 4130 t’rustra
673 4065 849 4150 quaeritur.
897 4066 1051 4152 Suspicor
1076 4068 1128 4133 καὶ
1151 4069 1352 4151 διηπορημένη
1377 4076 1489 4136 σιωπῶ.
1525 4067 1548 4157 3
1572 4074 1609 4133 5.

431 4170 613 4247 sollicitum
640 4168 706 4250 ἔχω
719 4172 759 4235 ,εί
783 4170 829 4235 σοὶ·
849 4170 981 4252 πρθσερα
999 4178 1062 4246 σοῖς
1083 4172 1196 4255 dripere
1212 4183 1323 4241 -νικῶε
1348 4178 1472 4259 corrige
1488 4174 1537 4239 ἀεὶ
1561 4172 1605 4238 rol

431 4273 564 4356 πρθπσρα
582 4282 653 4347 Ιτοῖς
672 4273 783 4355 dripere
806 4279 902 4341 νιιιάν.
927 4274 992 4363 34.
1016 4280 1148 4358 χρῆσθαι
1170 4281 1211 4361 τῷ
1228 4282 1301 4362 ἐμῷ
1321 4283 1461 4360 ccipere:
1487 4278 1605 4343 Atticus

433 4382 496 4462 ἕμῷ
518 4380 686 4446 omisisset.
723 4378 746 4467 3
768 4386 797 4445 o.
823 4382 889 4445 οὐδὲ
906 4382 1127 4463 προσέβλεψαν
1149 4382 1194 4449 ἔτι
1215 4384 1323 4451 πολλοὶ
1350 4385 1430 4449 οὐδὲ
1456 4382 1543 4449 ἐπεί
1548 4404 1604 4464 ρα·

432 4510 501 4552 σαν
514 4485 598 4571 :.qui
617 4484 768 4570 intelligit
791 4484 868 4571 quid
889 4484 1048 4572 significet
1067 4489 1132 4557 οὐδὲ
1154 4490 1375 4571 προσέβλεψαν
1396 4508 1520 4555 mecum
1540 4487 1606 4553 οὐδὲ

432 4591 597 4672 ι’πείρασαν
624 4590 749 4657 delebit.
798 4591 932 4658 Perinde
961 4600 1010 4659 est
1042 4612 1078 4659 ec
1110 4596 1136 4660 si
1165 4595 1288 4661 diceres
1318 4596 1382 4661 οὐδὲ
1414 4594 1606 4670 διενοήθησαν

432 4701 521 4764 τοῦτο
552 4704 647 4779 ποιεῖν
678 4698 742 4763 οὐδὲ
770 4698 934 4775 ἐποίησαν..
957 4724 995 4753 -’
1019 4720 1089 4767 mox
1121 4700 1188 4767 dele
1220 4701 1426 4778 ἀπογνωσθείς
1442 4748 1451 4776 ,
1469 4698 1544 4764 oliui
1567 4695 1607 4767 orl
