3767 5717
839 625 902 689 117

275 799 376 866 missa
391 803 479 863 suot.
505 795 541 861 ln
559 795 772 862 Dinosrnenm
794 796 940 862 oratione
958 795 998 861 de
1019 794 1057 861 F.
1076 795 1114 861 t.
1136 815 1165 881 ρ.
1184 801 1271 874 452,
1293 801 1343 864 ta
1369 797 1383 862 i
1407 795 1464 874 μὲν

275 902 471 982 ταλαίπωρος
487 896 639 983 ἄνύροιπος
660 899 834 979 ἠτίμωται,
853 900 953 983 τούτῳ
965 902 992 967 δ’
1011 901 1097 985 adele
1122 902 1229 968 δύσετ’
1253 898 1340 968 είνοοι.
1364 901 1463 985 Egra

276 1010 363 1094 giam
388 1025 481 1092 opem
512 1003 724 1072 ParisinusS
755 1005 853 1084 tulit,
886 1006 944 1092 qui
977 1006 1064 1073 solus
1094 1009 1284 1087 ἠτιμώσεται
1310 1005 1350 1074 ab
1384 1006 1464 1072 inte·

275 1114 344 1180 rito
371 1111 522 1178 serravit.
576 1109 691 1177 Eidem
724 1108 1030 1195 dedecoratae,
1064 1115 1103 1177 tl
1134 1130 1192 1198 pro
1219 1115 1283 1186 τῖες
1316 1112 1331 1177 i
1360 1113 1463 1191 παρὼν

275 1217 377 1302 Φόβος
408 1214 541 1285 λέλυται
560 1214 730 1280 verissima
750 1212 846 1280 lectio
867 1215 1060 1296 λελύσεται,
1086 1235 1183 1302 quam
1206 1214 1261 1282 alit'
1284 1216 1319 1280 in
1336 1217 1463 1293 λυύύσε·

245 1394 249 1400 ,
275 1348 330 1390 ται
350 1325 587 1408 corruperunt,
611 1315 689 1383 adeo
711 1317 793 1385 nibil
818 1317 904 1404 quod
927 1339 1039 1396 rarum
1062 1328 1094 1387 et
1116 1320 1314 1406 exquisitum
1338 1327 1386 1386 est
1410 1320 1464 1385 bo-

276 1429 465 1494 mnnciones
495 1441 559 1488 non
587 1421 736 1507 imperite
759 1430 935 1491 attrectant
957 1434 992 1492 et
1011 1425 1096 1511 quod
1119 1444 1183 1491 non
1203 1425 1337 1510 capiunt
1359 1425 1464 1510 impu·

274 1532 389 1599 denter
409 1527 583 1614 relingunt
630 1527 671 1591 At
690 1546 753 1592 non
776 1525 836 1592 soli
858 1529 1052 1596 Drnosnnsar
1075 1530 1136 1596 hoe
1155 1528 1352 1616 praesidium
1376 1548 1466 1616 pera·

268 1645 348 1702 tum
371 1641 437 1712 est,
468 1629 611 1718 proderit
635 1638 668 1697 et
682 1630 787 1708 maliis,
817 1632 847 1698 si
869 1634 1010 1701 scienter
1029 1641 1170 1701 utemur.
1205 1633 1320 1700 blisere
1342 1632 1467 1701 laborat

277 1742 468 1806 Tuberones
490 1735 543 1802 lV.
572 1738 625 1801 28.
658 1735 867 1817 λογιζομένοις
897 1739 917 1816 ἢ
954 1738 1090 1813 Κλέωνος
1121 1740 1411 1818 ἀπαλλαγήσεσθαι
1443 1742 1461 1818 η

275 1850 428 1930 σφαλεῖσι
451 1843 578 1921 γνύμης
610 1841 873 1921 Λακεδαιμοίοις
902 1842 994 1925 σφίσι
1019 1845 1248 1924 χειρώσασθαι,
1272 1861 1390 1930 repone
1412 1867 1462 1910 κε-

274 1949 497 2033 χειρώσεσθαι,
536 1943 570 2011 id
599 1951 649 2011 est
680 1946 918 2027 κεχειρωμένους
941 1946 1064 2014 ἔσεσθαι
1094 1955 1129 2013 et
1155 1947 1263 2014 omnia
1290 1967 1369 2014 sana
1395 1967 1466 2016 esse

274 2055 404 2122 senties.
433 2052 575 2126 ¹lterum
605 2049 752 2126 vltra
777 2053 803 2117 εί
826 2052 859 2116 δέ
880 2052 1126 2134 προσγενήσεται
1149 2053 1180 2118 ἓν
1203 2052 1249 2119 ἔτι
1276 2059 1342 2126 τοῖς
1370 2068 1462 2120 πολε·

274 2162 355 2241 μίοις
383 2197 426 2208 -
448 2155 716 2234 διαπολεμύσεται
748 2157 855 2230 αύτοῒς
882 2155 897 2221 ί
923 2155 1084 2237 τύλεμος,
1115 2158 1298 2243 expunged
1324 2157 1461 2237 πύλεμος

204 2240 214 2262 ⁰
253 2276 307 2343 ‘et
330 2263 436 2331 scribe
457 2262 787 2339 διαπεπολεμύσεται,
806 2260 997 2326 debellatam
1026 2261 1096 2328 erit.
1132 2260 1252 2328 Eadem
1277 2262 1370 2349 plane
1393 2283 1460 2330 nte·

270 2371 381 2437 dicina
404 2368 614 2434 Xnnornonrrs
637 2363 727 2431 locus
751 2363 915 2432 sanandus
935 2371 986 2432 est
1009 2366 1043 2432 in
1067 2365 1178 2453 Cyrop.
1192 2366 1218 2433 Ι.
1237 2388 1289 2446 νι,
1310 2374 1340 2436 9.
1365 2371 1391 2436 εί
1414 2372 1460 2449 μη

274 2475 336 2553 ἕξει
361 2478 379 2553 η
411 2472 525 2555 ςρατιίι
547 2472 592 2537 τα
615 2470 775 2546 ἐπιτήδεια
797 2468 1016 2537 καταλύσεται
1038 2493 1092 2535 σου
1112 2471 1199 2544 stete
1226 2475 1244 2548 ἡ
1267 2474 1374 2554 cinxi,
1397 2494 1460 2540 non

275 2579 351 2646 licet
368 2578 457 2644 enim
482 2575 609 2642 Graecis
631 2573 769 2652 λύσομαι
789 2593 846 2658 pro
869 2575 1041 2654 λούησομαι
1060 2573 1178 2642 dicere.
1226 2575 1327 2641 Periit
1345 2574 1463 2656 forma,

209 2705 213 2708 ’
277 2701 377 2768 quam
387 2679 463 2745 boni
485 2677 560 2744 libri
579 2678 735 2743 intactam
752 2685 883 2743 servant
907 2677 972 2754 Vl,
996 2698 1041 2753 ιι,
1063 2683 1116 2744 57.
1142 2673 1264 2743 odoarii
1287 2680 1460 2762 ὁπλοφόρου

215 2832 221 2838 ·
275 2785 395 2864 τοίξειος
417 2781 668 2850 ἀπολελύσονται
693 2778 764 2865 (alii
785 2780 1083 2857 οίτολελαύσονται,
1108 2781 1333 2872 ύτολύσονται)
1359 2794 1392 2852 et
1415 2786 1461 2854 dt·

275 2899 369 2958 xerat
386 2890 550 2957 Xnnornon
571 2883 830 2952 καταλελύσεταί
845 2910 899 2952 σου
916 2888 1004 2960 cotta
1028 2888 1046 2962 ἦ
1065 2885 1171 2967 ύρχύ,
1195 2886 1280 2972 quod
1303 2890 1463 2958 concitate

273 2996 420 3069 dicitur,
444 3000 481 3058 ut
499 2991 600 3074 Φρύζε
623 2988 676 3057 καί
697 2987 894 3069 πεπράξεται
917 3000 951 3057 et
970 2990 1099 3057 similia.
1232 3075 1234 3080 s

321 3101 423 3166 Vetus
441 3097 557 3162 vitium
577 3103 611 3162 et
634 3101 855 3162 correctorum
878 3093 1020 3162 fallacias
1043 3095 1231 3164 manifestas
1257 3098 1379 3166 tenebis
1400 3106 1463 3180 58,

274 3212 314 3274 at
342 3206 496 3273 lsoensrts
528 3199 723 3268 testimonio.
769 3199 889 3270 Editur
914 3201 1011 3283 μέχρι
1043 3209 1100 3278 aie
1125 3203 1191 3269 οὐδὲ
1214 3205 1336 3286 ρἠύῆναι
1368 3207 1459 3273 iara-

274 3311 369 3393 μένης
403 3311 562 3391 εὐπρεπῶς
590 3303 676 3371 νύσον
705 3306 904 3372 κατύλισύεν.
950 3306 988 3388 ln
1019 3305 1181 3373 nonnullis
1213 3327 1270 3394 pro
1301 3313 1460 3394 εὐπρεπῶς

272 3418 433 3503 scriptum
469 3420 519 3478 est
550 3413 744 3490 εὐπρεποῦς,
781 3409 867 3495 quod
896 3409 1054 3478 abiiciunt
1086 3430 1207 3480 omnes.
1255 3413 1399 3494 Iniuria,
1424 3427 1460 3484 ut

274 3517 507 3590 demonstrabit
524 3515 613 3581 locos
625 3513 799 3591 lsoeasrrs,
818 3533 917 3600 quam
941 3515 974 3580 in
997 3533 1066 3580 rem
1089 3533 1181 3583 suam
1199 3520 1359 3584 convertit
1372 3523 1458 3606 quis·

274 3628 356 3714 quis,
372 3632 422 3691 est
442 3621 540 3688 huius
561 3617 637 3694 libri
653 3624 777 3694 arretor.
802 3618 837 3684 ln
861 3617 1096 3684 Panathenaico
1113 3617 1148 3707 S.
1164 3624 1247 3697 266,
1273 3642 1303 3708 p.
1326 3627 1391 3692 288
1405 3625 1459 3692 tin.

275 3731 397 3816 legitur
423 3721 640 3806 ἐπιγενομένου
668 3743 720 3799 μοι
756 3723 929 3802 νοσήματος
952 3724 1073 3805 ῥηθῆναι
1100 3723 1157 3801 μέν
1184 3727 1238 3790 ούκ
1268 3728 1460 3809 εὐπρεποῦς,

273 3833 442 3913 δυναμένου
464 3832 491 3897 δ’
513 3830 648 3908 οίναιρεΐν
668 3825 701 3889 έν
723 3827 821 3907 τρισίν
845 3827 863 3902 ἢ
887 3825 1051 3909 τέτταρσιν
1074 3827 1212 3909 ἡμέραις.
1241 3829 1368 3899 Satisne
1392 3853 1456 3900 ma·

273 3939 392 4008 nilesta
413 3943 463 4004 est
484 3933 623 4000 imitatio
645 3936 678 3995 et
696 3932 876 4003 scribarum
902 3931 1067 3998 temeritas
1099 3931 1268 4014 δυναμένης
1293 3939 1458 4032 Ιεὐτρεπῶς

271 4046 315 4112 de
341 4062 401 4110 suo
422 4039 714 4108 substituentium?

320 4149 355 4216 ln
383 4145 495 4213 eodem
518 4142 600 4209 libro
621 4146 745 4213 iuvabit
764 4145 1012 4232 deprehendisse
1036 4147 1125 4215 aliud
1152 4147 1315 4215 socordiae
1338 4148 1456 4216 descri-

271 4253 418 4321 bentium
455 4257 683 4334 argumentum
711 4250 736 4341 S
771 4255 812 4317 19
846 4251 877 4340 (i
904 4253 1000 4338 φύσις
1030 4253 1066 4319 τὸ
1099 4252 1186 4336 ύρρεν
1210 4256 1263 4318 καί
1298 4255 1333 4320 τὸ
1365 4257 1453 4344 θῆλυ)

273 4353 449 4439 συνέζευξεν
479 4353 631 4429 οίλλύλοις
654 4357 765 4436 ύεσμὸν
793 4357 936 4436 ύνοίγκης
970 4354 1049 4425 ύσιον
1080 4358 1323 4440 καταγροίψασα
1353 4361 1455 4439 μένειν

274 4464 325 4556 ξπ)
347 4469 405 4539 τῆς
427 4459 541 4533 οἰκείας
564 4459 688 4542 φύσεος
723 4460 875 4544 ἐκύτερον.
923 4463 985 4544 Qui
1024 4462 1083 4530 bos
1104 4463 1234 4530 Amores
1256 4463 1386 4548 scripsit
1412 4462 1456 4530 al-

274 4567 431 4636 lectetum
452 4572 485 4630 et
508 4563 703 4633 calamistris
730 4567 876 4634 inustum
907 4567 1068 4636 scribendi
1088 4587 1190 4654 genas
1221 4569 1388 4654 sequitur,
1413 4571 1459 4635 ni-

267 4673 345 4744 :mis
366 4667 517 4744 lloridurb
537 4677 571 4738 et
588 4669 757 4741 lenociniis
777 4670 947 4740 verborum
968 4681 999 4739 et
1016 4674 1250 4752 sententiarum
1268 4681 1418 4742 comtum·
1431 4686 1462 4742 et
