3767 5717
1464 630 1504 683 xl

327 806 467 887 hudem
490 829 531 883 oe
551 802 698 903 gloriam
716 822 856 880 summo
868 824 935 901 ope
956 798 1129 882 vindieere
1145 807 1181 877 et
1197 800 1288 893 tueri
1310 801 1499 880 enitimur?

328 942 391 1013 eut
421 932 565 1033 putabis
594 932 678 1007 sitis
700 931 772 1005 iem
796 954 872 1005 esse
900 930 1086 1008 emendato
1110 930 1227 1005 omnis
1258 935 1311 1007 tot
1340 930 1496 1029 ingenio·

325 1087 442 1139 sorum
468 1060 652 1140 hominum
673 1067 747 1133 tem
771 1056 967 1133 sollertibus
993 1059 1103 1147 euris,
1129 1065 1170 1131 ut
1194 1057 1409 1159 supersederi
1436 1058 1496 1135 ali-

324 1190 466 1290 qnando
488 1189 554 1264 hoe
573 1210 677 1285 opero
699 1185 809 1284 possit
832 1193 869 1261 et
890 1193 1030 1285 tempus
1054 1186 1125 1269 ium
1150 1164 1196 1261 sit
1220 1185 1290 1261 frui
1313 1186 1413 1261 bonis
1436 1210 1498 1284 per

324 1325 379 1397 tot
410 1340 520 1393 onnes
545 1312 685 1413 paretis.
736 1312 827 1396 Quis
857 1312 947 1421 serio
967 1313 1022 1401 hit
1043 1313 1249 1413 respondere
1274 1312 1495 1422 dignabitur,

321 1444 387 1543 qui
409 1444 584 1542 optimum
605 1462 780 1539 quemque
805 1440 1008 1538 scriptorem
1030 1442 1202 1517 Greeeum
1222 1440 1327 1539 longo
1348 1464 1416 1518 usu
1433 1465 1520 1541 no.

322 1571 409 1646 verit
438 1569 485 1646 sd
514 1568 609 1643 hune
639 1567 732 1650 diem
760 1566 853 1643 vitiis
883 1574 920 1641 et
951 1566 1122 1643 erroribus
1154 1592 1257 1641 omne
1282 1592 1393 1666 genus
1420 1590 1495 1641 esse

322 1698 523 1797 oppletum,
539 1720 690 1795 quorum
703 1702 840 1795 portem
856 1694 1013 1794 plerique
1031 1702 1109 1770 tum
1125 1694 1268 1771 demum
1283 1703 1495 1795 tgnosomt,

321 1850 433 1925 quum
457 1824 563 1901 simul
587 1823 755 1922 deprenso
772 1822 869 1900 lreus
892 1828 946 1896 est
966 1828 1002 1897 et
1018 1828 1111 1900 oerts
1130 1821 1327 1915 emendatio
1346 1830 1492 1921 reperte.

320 1952 447 2052 Aequo
464 1951 583 2029 animo
607 1948 1085 2041 uuumrnnr’toenoeio
1109 1952 1191 2040 175.
1207 1950 1349 2035 eruditi
1372 1976 1494 2037 omnes

322 2080 503 2181 legebantr

440 2197 474 2285 ὦ
498 2207 761 2307 λιπαροζώνου
785 2206 956 2306 θύγατερ
979 2206 1130 2283 Ἁλίου
1152 2207 1378 2300 Selorum,

319 2360 433 2436 quum
457 2335 654 2435 nupernme
681 2334 849 2411 Burnum
876 2334 927 2428 (in
952 2334 1059 2433 prael.
1087 2335 1133 2409 ed
1156 2335 1352 2414 Enernmrs
1375 2334 1492 2435 erup.

319 2467 357 2541 it
391 2466 516 2542 Ταοα
541 2470 577 2539 α
610 2462 898 2560 Hel.ptg.17.)
931 2484 976 2539 ex
1008 2474 1367 2535 surorcennnmn
1403 2462 1493 2537 eruit

315 2603 718 2674 urrorcceusrmm
742 2596 778 2663 et
802 2613 919 2664 veram
943 2590 1148 2688 scripturam
1169 2590 1323 2665 restituit
1344 2589 1450 2665 hono:

437 2709 470 2795 ὦ
494 2719 756 2816 λιπαροζώνου
783 2718 953 2814 θύγατερ
975 2719 1135 2805 Λατοῦς
1157 2717 1368 2797 Selorum.

184 2888 194 2917 t
316 2847 586 2924 Innumembilis
601 2846 754 2921 locorum
774 2841 826 2919 vis
848 2849 1023 2940 superest,
1048 2841 1111 2919 ubi
1134 2842 1278 2941 antiquo
1301 2841 1490 2941 seriptmee

318 2975 401 3051 vitio
422 2999 507 3054 seno
527 2996 628 3051 mens
651 2971 820 3072 impedito
839 2970 977 3059 haeret,
1008 2970 1071 3069 qui
1096 2969 1133 3083 in
1157 2970 1334 3069 integrum
1354 2970 1491 3045 restitui

314 3104 498 3188 manifeste
529 3101 738 3180 correctione
768 3122 890 3189 omnes
918 3122 989 3173 non
1017 3104 1184 3197 possunt,
1219 3105 1257 3173 et
1286 3098 1378 3175 bons
1411 3122 1491 3199 pers

160 3259 165 3273 ·
315 3238 450 3322 tomen,
481 3232 545 3310 ubi
567 3229 674 3308 semel
694 3227 791 3304 lobes
815 3226 1005 3325 scripturae
1027 3226 1130 3313 sertis
1155 3226 1291 3301 indiciis
1312 3234 1489 3325 comperte

310 3360 399 3451 erit,
428 3358 637 3442 Critioorum
657 3355 818 3431 oeumine
837 3353 1034 3443 tenebitur,
1059 3353 1296 3452 domnumque
1311 3353 1487 3445 lectionis,

311 3497 499 3589 postquem
519 3486 614 3561 lmus
634 3483 852 3562 librsriorum
871 3481 1024 3582 petebit,
1049 3481 1213 3569 eontinuo
1233 3483 1408 3573 servietur.
1442 3486 1486 3559 In

297 3618 402 3705 Aheno
436 3641 503 3715 ego
534 3613 667 3713 ingenii
689 3618 725 3687 et
746 3610 868 3687 iudicii
891 3611 1099 3709 pulsestrem
1124 3610 1266 3688 iuvenes
1288 3610 1486 3711 ingeniosos

313 3752 349 3819 et
364 3744 493 3819 indolis
509 3740 735 3841 generosioris
753 3762 872 3816 vocure
891 3762 963 3813 non
985 3738 1157 3827 desinam,
1177 3747 1214 3813 et
1234 3739 1325 3825 dobo
1344 3765 1484 3839 opernm

312 3880 354 3947 ut
377 3896 498 3947 omnes
519 3870 716 3969 intelligent
737 3866 988 3965 interpretandi
1007 3866 1208 3940 securitatem
1228 3870 1264 3939 et
1285 3890 1390 3951 usum
1409 3868 1483 3943 sine

233 4086 245 4108 θ
310 4000 375 4075 hee
390 3997 600 4076 emendandi
614 3996 765 4076 sollertis
781 3995 933 4104 debilem
950 4000 988 4069 et
1004 4018 1165 4083 meseum
1181 4016 1277 4083 ,es-se„¹
1298 4001 1333 4083 et
1350 3995 1480 4093 possim

309 4152 422 4227 nugas
450 4152 553 4226 ogere
584 4127 833 4225 Interpretem,
865 4102 935 4200 nisi
954 4122 1272 4233 interprelutionem
1297 4124 1481 4213 emendate

307 4256 408 4331 leotio
428 4253 622 4355 praecedet.
661 4251 831 4327 Nondum
852 4250 1007 4350 poenitet
1033 4274 1171 4349 opertet
1196 4249 1308 4339 estin
1330 4253 1478 4353 populo·

307 4386 406 4461 ribus
426 4385 554 4463 nostris
576 4383 717 4482 egregit
739 4383 785 4459 od
812 4381 978 4457 Criton
999 4388 1110 4467 ortem
1130 4380 1285 4469 indoles,
1350 4398 1375 4421 ’-

476 4516 579 4591 οὔπω
602 4537 700 4607 σφιν
724 4511 896 4601 ἐξίτηλον
918 4506 1023 4606 αἷμα
1046 4507 1276 4606 δαιμόνων,

306 4641 362 4736 sel
384 4643 502 4741 potins
524 4649 602 4720 τῶν
629 4640 850 4737 δαιμονίαν
869 4638 1043 4738 ἀνδρῶν,
1074 4638 1137 4737 qul
1162 4638 1245 4716 olim
1267 4637 1304 4711 in
1318 4637 1396 4725 ,hoe
1417 4664 1479 4739 ge·

305 4791 387 4845 nere
410 4768 864 4880 studiorumprinoipetum
884 4776 1089 4858 tenuerunt}
1117 4766 1212 4853 inest
1232 4766 1405 4844 indelessa
1427 4768 1478 4844 in·
