<?xml version="1.0" encoding="UTF-8"?>
<!DOCTYPE html PUBLIC "-//W3C//DTD XHTML 1.0 Transitional//EN"
    "http://www.w3.org/TR/xhtml1/DTD/xhtml1-transitional.dtd">
<html xmlns="http://www.w3.org/1999/xhtml" xml:lang="en" lang="en">
 <head>
  <title>
</title>
<meta http-equiv="Content-Type" content="text/html;charset=utf-8" />
  <meta name='ocr-system' content='tesseract 3.04.00' />
  <meta name='ocr-capabilities' content='ocr_page ocr_carea ocr_par ocr_line ocrx_word'/>
</head>
<body>
  <div class='ocr_page' id='page_1' title='image "./variaelectiones02cobegoog_0400.png"; bbox 0 0 3767 5717; ppageno 0'>
   <div class='ocr_carea' id='block_1_1' title="bbox 995 585 1081 704">
    <p class='ocr_par' dir='ltr' id='par_1_1' title="bbox 995 585 1081 704">
     <span class='ocr_line' id='line_1_1' title="bbox 995 585 1081 704; baseline 0.023 -3"><span class='ocrx_word' id='word_1_1' title='bbox 995 585 998 591; x_wconf 24' lang='grc' dir='ltr'>Ι</span> <span class='ocrx_word' id='word_1_2' title='bbox 1016 639 1081 704; x_wconf 83' lang='grc'><strong>388</strong></span> 
     </span>
    </p>
   </div>
   <div class='ocr_carea' id='block_1_2' title="bbox 447 785 1628 923">
    <p class='ocr_par' dir='ltr' id='par_1_2' title="bbox 447 785 1628 923">
     <span class='ocr_line' id='line_1_2' title="bbox 447 785 1628 923; baseline 0 -26"><span class='ocrx_word' id='word_1_3' title='bbox 447 851 513 923; x_wconf 87' lang='lat' dir='ltr'><strong>qua</strong></span> <span class='ocrx_word' id='word_1_4' title='bbox 533 851 567 896; x_wconf 85' lang='lat' dir='ltr'><strong>ra</strong></span> <span class='ocrx_word' id='word_1_5' title='bbox 585 785 873 920; x_wconf 54' lang='lat' dir='ltr'><strong>gravem⁰errorem</strong></span> <span class='ocrx_word' id='word_1_6' title='bbox 899 828 1059 894; x_wconf 88' lang='lat' dir='ltr'><strong>commisit</strong></span> <span class='ocrx_word' id='word_1_7' title='bbox 1078 827 1343 897; x_wconf 78' lang='lat' dir='ltr'><strong>Haarocttartort</strong></span> <span class='ocrx_word' id='word_1_8' title='bbox 1368 855 1396 897; x_wconf 84' lang='lat' dir='ltr'><strong>s.</strong></span> <span class='ocrx_word' id='word_1_9' title='bbox 1419 830 1538 911; x_wconf 74' lang='grc' dir='ltr'><strong><em>λίνου</em></strong></span> <span class='ocrx_word' id='word_1_10' title='bbox 1564 856 1628 899; x_wconf 82' lang='grc' dir='ltr'><strong>συ-</strong></span> 
     </span>
    </p>
   </div>
   <div class='ocr_carea' id='block_1_3' title="bbox 436 934 1625 1234">
    <p class='ocr_par' dir='ltr' id='par_1_3' title="bbox 436 934 1625 1234">
     <span class='ocr_line' id='line_1_3' title="bbox 446 934 1623 1019; baseline 0.003 -17"><span class='ocrx_word' id='word_1_11' title='bbox 446 944 552 1018; x_wconf 61' lang='lat' dir='ltr'><strong>gata:</strong></span> <span class='ocrx_word' id='word_1_12' title='bbox 575 934 646 1000; x_wconf 75' lang='lat' dir='ltr'><strong>atari</strong></span> <span class='ocrx_word' id='word_1_13' title='bbox 671 938 726 1000; x_wconf 79' lang='grc' dir='ltr'><strong>τοῦ</strong></span> <span class='ocrx_word' id='word_1_14' title='bbox 750 935 917 1000; x_wconf 82' lang='grc' dir='ltr'><strong><em>ἒσαίνου.</em></strong></span> <span class='ocrx_word' id='word_1_15' title='bbox 943 936 1141 1014; x_wconf 72' lang='grc' dir='ltr'><strong><em>Δημοσθένης</em></strong></span> <span class='ocrx_word' id='word_1_16' title='bbox 1166 937 1197 1001; x_wconf 83' lang='grc' dir='ltr'><strong>ἕν</strong></span> <span class='ocrx_word' id='word_1_17' title='bbox 1217 938 1261 1018; x_wconf 72' lang='grc' dir='ltr'><strong>τῷ</strong></span> <span class='ocrx_word' id='word_1_18' title='bbox 1284 937 1360 1017; x_wconf 79' lang='grc' dir='ltr'><strong><em>ὑπὲρ</em></strong></span> <span class='ocrx_word' id='word_1_19' title='bbox 1386 939 1623 1019; x_wconf 67' lang='grc' dir='ltr'><strong>Κτησιφῶντος.</strong></span> 
     </span>
     <span class='ocr_line' id='line_1_4' title="bbox 436 1038 1625 1128; baseline 0.004 -24"><span class='ocrx_word' id='word_1_20' title='bbox 436 1039 552 1104; x_wconf 90' lang='lat' dir='ltr'><strong>-Locus</strong></span> <span class='ocrx_word' id='word_1_21' title='bbox 570 1038 689 1128; x_wconf 87' lang='lat' dir='ltr'><strong>legitur</strong></span> <span class='ocrx_word' id='word_1_22' title='bbox 708 1061 739 1128; x_wconf 91' lang='lat' dir='ltr'><strong>p.</strong></span> <span class='ocrx_word' id='word_1_23' title='bbox 759 1041 839 1118; x_wconf 85' lang='lat'><strong>229,</strong></span> <span class='ocrx_word' id='word_1_24' title='bbox 861 1039 912 1106; x_wconf 82' lang='lat'><strong>13.</strong></span> <span class='ocrx_word' id='word_1_25' title='bbox 935 1041 968 1104; x_wconf 80' lang='lat' dir='ltr'><strong>ot</strong></span> <span class='ocrx_word' id='word_1_26' title='bbox 993 1039 1056 1119; x_wconf 74' lang='grc' dir='ltr'><strong>γὰρ</strong></span> <span class='ocrx_word' id='word_1_27' title='bbox 1081 1040 1285 1122; x_wconf 80' lang='grc' dir='ltr'><strong><em>οίφανρεΐσίαν</em></strong></span> <span class='ocrx_word' id='word_1_28' title='bbox 1309 1039 1359 1105; x_wconf 77' lang='grc' dir='ltr'><strong>δεῖ</strong></span> <span class='ocrx_word' id='word_1_29' title='bbox 1379 1040 1416 1104; x_wconf 80' lang='grc' dir='ltr'><strong>σί</strong></span> <span class='ocrx_word' id='word_1_30' title='bbox 1442 1044 1625 1122; x_wconf 73' lang='grc' dir='ltr'><strong><em>προσελθεῖν</em></strong></span> 
     </span>
     <span class='ocr_line' id='line_1_5' title="bbox 446 1142 1625 1234; baseline 0.004 -24"><span class='ocrx_word' id='word_1_31' title='bbox 446 1145 600 1227; x_wconf 73' lang='grc' dir='ltr'><em>τῷδήμῳ</em></span> <span class='ocrx_word' id='word_1_32' title='bbox 631 1143 684 1208; x_wconf 79' lang='grc' dir='ltr'><strong>καί</strong></span> <span class='ocrx_word' id='word_1_33' title='bbox 711 1143 831 1222; x_wconf 75' lang='grc' dir='ltr'><strong><em>λίνου</em></strong></span> <span class='ocrx_word' id='word_1_34' title='bbox 858 1152 1015 1224; x_wconf 78' lang='grc' dir='ltr'><em>τυχεῖν,</em></span> <span class='ocrx_word' id='word_1_35' title='bbox 1049 1164 1132 1234; x_wconf 89' lang='lat' dir='ltr'><strong>quae</strong></span> <span class='ocrx_word' id='word_1_36' title='bbox 1161 1142 1262 1228; x_wconf 81' lang='lat' dir='ltr'><strong>rerba</strong></span> <span class='ocrx_word' id='word_1_37' title='bbox 1288 1143 1524 1212; x_wconf 77' lang='lat' dir='ltr'><strong>Grammaticus</strong></span> <span class='ocrx_word' id='word_1_38' title='bbox 1556 1169 1625 1214; x_wconf 90' lang='lat' dir='ltr'><strong>non</strong></span> 
     </span>
    </p>
   </div>
   <div class='ocr_carea' id='block_1_4' title="bbox 435 1247 1737 1340">
    <p class='ocr_par' dir='ltr' id='par_1_4' title="bbox 435 1247 1737 1340">
     <span class='ocr_line' id='line_1_6' title="bbox 435 1247 1737 1340; baseline 0.002 -27"><span class='ocrx_word' id='word_1_39' title='bbox 435 1248 621 1327; x_wconf 84' lang='lat' dir='ltr'><strong>intellexit,</strong></span> <span class='ocrx_word' id='word_1_40' title='bbox 654 1247 742 1338; x_wconf 91' lang='lat' dir='ltr'><strong>qnod</strong></span> <span class='ocrx_word' id='word_1_41' title='bbox 773 1270 811 1313; x_wconf 92' lang='lat' dir='ltr'><strong>eo</strong></span> <span class='ocrx_word' id='word_1_42' title='bbox 833 1259 882 1312; x_wconf 93' lang='lat' dir='ltr'><strong>est</strong></span> <span class='ocrx_word' id='word_1_43' title='bbox 907 1247 1047 1338; x_wconf 80' lang='lat' dir='ltr'><strong>turpius,</strong></span> <span class='ocrx_word' id='word_1_44' title='bbox 1076 1248 1153 1340; x_wconf 88' lang='lat' dir='ltr'><strong>quia</strong></span> <span class='ocrx_word' id='word_1_45' title='bbox 1179 1261 1246 1316; x_wconf 90' lang='lat' dir='ltr'><strong>tam</strong></span> <span class='ocrx_word' id='word_1_46' title='bbox 1269 1271 1365 1340; x_wconf 85' lang='lat' dir='ltr'><strong>saepe</strong></span> <span class='ocrx_word' id='word_1_47' title='bbox 1385 1249 1482 1329; x_wconf 75' lang='grc' dir='ltr'><strong><em>λόγου</em></strong></span> <span class='ocrx_word' id='word_1_48' title='bbox 1508 1261 1624 1332; x_wconf 78' lang='grc' dir='ltr'><strong><em>τυχεῖν</em></strong></span> <span class='ocrx_word' id='word_1_49' title='bbox 1733 1302 1737 1315; x_wconf 87' lang='grc'><strong><em>.</em></strong></span> 
     </span>
    </p>
   </div>
   <div class='ocr_carea' id='block_1_5' title="bbox 367 1351 1657 3136">
    <p class='ocr_par' dir='ltr' id='par_1_5' title="bbox 430 1351 1624 1759">
     <span class='ocr_line' id='line_1_7' title="bbox 440 1351 1624 1446; baseline 0.005 -28"><span class='ocrx_word' id='word_1_50' title='bbox 440 1354 563 1444; x_wconf 88' lang='lat' dir='ltr'><strong>legitur</strong></span> <span class='ocrx_word' id='word_1_51' title='bbox 592 1352 678 1444; x_wconf 92' lang='lat' dir='ltr'><strong>apud</strong></span> <span class='ocrx_word' id='word_1_52' title='bbox 711 1351 858 1419; x_wconf 81' lang='lat' dir='ltr'>Oratores</span> <span class='ocrx_word' id='word_1_53' title='bbox 886 1364 919 1419; x_wconf 92' lang='lat' dir='ltr'><strong>et</strong></span> <span class='ocrx_word' id='word_1_54' title='bbox 947 1353 1136 1423; x_wconf 82' lang='lat' dir='ltr'><strong>ilistoricos.</strong></span> <span class='ocrx_word' id='word_1_55' title='bbox 1182 1354 1254 1423; x_wconf 80' lang='lat' dir='ltr'><strong>lico</strong></span> <span class='ocrx_word' id='word_1_56' title='bbox 1282 1355 1389 1446; x_wconf 91' lang='lat' dir='ltr'><strong>ipsum</strong></span> <span class='ocrx_word' id='word_1_57' title='bbox 1415 1354 1624 1424; x_wconf 64' lang='lat' dir='ltr'><strong>Prusiacas</strong></span> 
     </span>
     <span class='ocr_line' id='line_1_8' title="bbox 432 1459 1624 1551; baseline 0.001 -24"><span class='ocrx_word' id='word_1_58' title='bbox 432 1460 644 1528; x_wconf 81' lang='lat' dir='ltr'><strong>¹reddendum</strong></span> <span class='ocrx_word' id='word_1_59' title='bbox 673 1470 720 1525; x_wconf 88' lang='lat' dir='ltr'><strong>ost</strong></span> <span class='ocrx_word' id='word_1_60' title='bbox 744 1459 777 1525; x_wconf 88' lang='lat' dir='ltr'><strong>iu</strong></span> <span class='ocrx_word' id='word_1_61' title='bbox 807 1459 976 1530; x_wconf 86' lang='lat' dir='ltr'><strong>Marcello</strong></span> <span class='ocrx_word' id='word_1_62' title='bbox 1002 1481 1072 1551; x_wconf 89' lang='lat' dir='ltr'><strong>cap.</strong></span> <span class='ocrx_word' id='word_1_63' title='bbox 1091 1464 1149 1527; x_wconf 81' lang='lat'><strong>23.</strong></span> <span class='ocrx_word' id='word_1_64' title='bbox 1177 1467 1237 1526; x_wconf 81' lang='grc' dir='ltr'><strong>σῶν</strong></span> <span class='ocrx_word' id='word_1_65' title='bbox 1262 1460 1459 1542; x_wconf 77' lang='grc' dir='ltr'><strong><em>Συρακοσίων</em></strong></span> <span class='ocrx_word' id='word_1_66' title='bbox 1484 1485 1624 1543; x_wconf 77' lang='grc' dir='ltr'><strong><em>προσσε-</em></strong></span> 
     </span>
     <span class='ocr_line' id='line_1_9' title="bbox 430 1564 1624 1648; baseline 0 -15"><span class='ocrx_word' id='word_1_67' title='bbox 430 1567 558 1633; x_wconf 60' lang='grc' dir='ltr'><strong><em>«σίντωυ</em></strong></span> <span class='ocrx_word' id='word_1_68' title='bbox 582 1565 636 1634; x_wconf 73' lang='grc' dir='ltr'><strong>καί</strong></span> <span class='ocrx_word' id='word_1_69' title='bbox 661 1565 809 1645; x_wconf 72' lang='grc' dir='ltr'><strong><em>δεομένων</em></strong></span> <span class='ocrx_word' id='word_1_70' title='bbox 832 1564 960 1644; x_wconf 74' lang='grc' dir='ltr'><strong><em>λίνον</em></strong></span> <span class='ocrx_word' id='word_1_71' title='bbox 986 1574 1097 1648; x_wconf 77' lang='grc' dir='ltr'><strong><em>τυχεῖν</em></strong></span> <span class='ocrx_word' id='word_1_72' title='bbox 1123 1565 1176 1631; x_wconf 83' lang='grc' dir='ltr'><strong>καὶ</strong></span> <span class='ocrx_word' id='word_1_73' title='bbox 1205 1564 1313 1645; x_wconf 58' lang='grc' dir='ltr'><strong><em>δίκης,</em></strong></span> <span class='ocrx_word' id='word_1_74' title='bbox 1341 1564 1400 1631; x_wconf 91' lang='lat' dir='ltr'><strong>ubi</strong></span> <span class='ocrx_word' id='word_1_75' title='bbox 1425 1566 1624 1634; x_wconf 79' lang='lat' dir='ltr'><strong>veralectio</strong></span> 
     </span>
     <span class='ocr_line' id='line_1_10' title="bbox 444 1671 1082 1759; baseline -0.013 -21"><span class='ocrx_word' id='word_1_76' title='bbox 444 1685 492 1738; x_wconf 90' lang='lat' dir='ltr'><strong>est</strong></span> <span class='ocrx_word' id='word_1_77' title='bbox 514 1671 633 1751; x_wconf 78' lang='grc' dir='ltr'><strong><em>λόγου</em></strong></span> <span class='ocrx_word' id='word_1_78' title='bbox 657 1677 779 1751; x_wconf 70' lang='grc' dir='ltr'><strong><em>τυχεῖν.</em></strong></span> <span class='ocrx_word' id='word_1_79' title='bbox 857 1701 860 1708; x_wconf 64' lang='grc'><strong>’</strong></span> <span class='ocrx_word' id='word_1_80' title='bbox 1078 1749 1082 1759; x_wconf 31' lang='grc' dir='ltr'>Ι</span> 
     </span>
    </p>

    <p class='ocr_par' dir='ltr' id='par_1_6' title="bbox 367 1772 1657 3136">
     <span class='ocr_line' id='line_1_11' title="bbox 456 1772 1622 1868; baseline 0.006 -32"><span class='ocrx_word' id='word_1_81' title='bbox 456 1829 459 1836; x_wconf 91' lang='grc'><em>,</em></span> <span class='ocrx_word' id='word_1_82' title='bbox 489 1776 540 1842; x_wconf 83' lang='lat' dir='ltr'><strong>Ad</strong></span> <span class='ocrx_word' id='word_1_83' title='bbox 560 1801 631 1868; x_wconf 90' lang='lat' dir='ltr'><strong>pag.</strong></span> <span class='ocrx_word' id='word_1_84' title='bbox 656 1779 730 1842; x_wconf 83' lang='lat'><strong>325.</strong></span> <span class='ocrx_word' id='word_1_85' title='bbox 758 1772 952 1865; x_wconf 85' lang='lat' dir='ltr'><strong>¹Scriptura.</strong></span> <span class='ocrx_word' id='word_1_86' title='bbox 977 1780 1175 1858; x_wconf 81' lang='lat' dir='ltr'>HKPOACO</span> <span class='ocrx_word' id='word_1_87' title='bbox 1207 1774 1460 1850; x_wconf 84' lang='lat' dir='ltr'><strong>Grammaticnrn</strong></span> <span class='ocrx_word' id='word_1_88' title='bbox 1487 1775 1622 1843; x_wconf 88' lang='lat' dir='ltr'><strong>doctum</strong></span> 
     </span>
     <span class='ocr_line' id='line_1_12' title="bbox 444 1878 1623 1972; baseline -0.002 -23"><span class='ocrx_word' id='word_1_89' title='bbox 444 1882 543 1972; x_wconf 89' lang='lat' dir='ltr'><strong>magis</strong></span> <span class='ocrx_word' id='word_1_90' title='bbox 572 1905 672 1972; x_wconf 87' lang='lat' dir='ltr'><strong>quam</strong></span> <span class='ocrx_word' id='word_1_91' title='bbox 699 1891 830 1946; x_wconf 86' lang='lat' dir='ltr'><strong>acutum</strong></span> <span class='ocrx_word' id='word_1_92' title='bbox 852 1879 1005 1946; x_wconf 81' lang='lat' dir='ltr'><strong>fefellisse</strong></span> <span class='ocrx_word' id='word_1_93' title='bbox 1026 1878 1168 1959; x_wconf 79' lang='lat' dir='ltr'><strong>ridetur,</strong></span> <span class='ocrx_word' id='word_1_94' title='bbox 1196 1881 1383 1961; x_wconf 64' lang='lat' dir='ltr'><strong>utlagariae</strong></span> <span class='ocrx_word' id='word_1_95' title='bbox 1406 1894 1474 1948; x_wconf 85' lang='lat' dir='ltr'><strong>esse</strong></span> <span class='ocrx_word' id='word_1_96' title='bbox 1492 1894 1623 1972; x_wconf 90' lang='lat' dir='ltr'><strong>putaret</strong></span> 
     </span>
     <span class='ocr_line' id='line_1_13' title="bbox 367 1985 1621 2077; baseline 0 -26"><span class='ocrx_word' id='word_1_97' title='bbox 367 2054 369 2058; x_wconf 71' lang='grc'><em>,</em></span> <span class='ocrx_word' id='word_1_98' title='bbox 444 1986 533 2077; x_wconf 85' lang='lat' dir='ltr'><strong>quod</strong></span> <span class='ocrx_word' id='word_1_99' title='bbox 553 1986 682 2067; x_wconf 77' lang='grc' dir='ltr'><strong><em>ἡκρίασο</em></strong></span> <span class='ocrx_word' id='word_1_100' title='bbox 709 1997 806 2065; x_wconf 89' lang='lat' dir='ltr'><strong>esset,</strong></span> <span class='ocrx_word' id='word_1_101' title='bbox 832 1997 862 2050; x_wconf 89' lang='lat' dir='ltr'><strong>et</strong></span> <span class='ocrx_word' id='word_1_102' title='bbox 883 1985 960 2051; x_wconf 91' lang='lat' dir='ltr'><strong>hinc</strong></span> <span class='ocrx_word' id='word_1_103' title='bbox 983 1985 1167 2076; x_wconf 81' lang='lat' dir='ltr'><strong>aequalium</strong></span> <span class='ocrx_word' id='word_1_104' title='bbox 1187 1985 1273 2053; x_wconf 81' lang='lat' dir='ltr'><strong>vitiis</strong></span> <span class='ocrx_word' id='word_1_105' title='bbox 1292 1987 1446 2054; x_wconf 87' lang='lat' dir='ltr'><strong>sermonis</strong></span> <span class='ocrx_word' id='word_1_106' title='bbox 1465 1989 1621 2069; x_wconf 77' lang='grc' dir='ltr'><strong><em>οὶκροῑοσαν</em></strong></span> 
     </span>
     <span class='ocr_line' id='line_1_14' title="bbox 432 2091 1622 2183; baseline 0 -26"><span class='ocrx_word' id='word_1_107' title='bbox 432 2113 503 2183; x_wconf 75' lang='lat' dir='ltr'><strong>‘pao</strong></span> <span class='ocrx_word' id='word_1_108' title='bbox 533 2093 630 2174; x_wconf 79' lang='grc' dir='ltr'><strong><em>οὶκρορῖ</em></strong></span> <span class='ocrx_word' id='word_1_109' title='bbox 655 2099 687 2156; x_wconf 91' lang='lat' dir='ltr'><strong>et</strong></span> <span class='ocrx_word' id='word_1_110' title='bbox 715 2093 844 2170; x_wconf 73' lang='grc' dir='ltr'><strong><em>ἡκροοῖσο</em></strong></span> <span class='ocrx_word' id='word_1_111' title='bbox 865 2113 925 2180; x_wconf 94' lang='lat' dir='ltr'><strong>pro</strong></span> <span class='ocrx_word' id='word_1_112' title='bbox 948 2094 1042 2171; x_wconf 76' lang='grc' dir='ltr'><strong><em>ἠκρσῶ</em></strong></span> <span class='ocrx_word' id='word_1_113' title='bbox 1067 2091 1216 2181; x_wconf 77' lang='lat' dir='ltr'><strong>opinatus</strong></span> <span class='ocrx_word' id='word_1_114' title='bbox 1234 2103 1282 2158; x_wconf 89' lang='lat' dir='ltr'><strong>est</strong></span> <span class='ocrx_word' id='word_1_115' title='bbox 1302 2113 1335 2158; x_wconf 84' lang='lat' dir='ltr'><strong>sc</strong></span> <span class='ocrx_word' id='word_1_116' title='bbox 1354 2093 1512 2160; x_wconf 78' lang='lat' dir='ltr'><strong>invenisse</strong></span> <span class='ocrx_word' id='word_1_117' title='bbox 1531 2104 1622 2160; x_wconf 75' lang='lat' dir='ltr'><strong>aete-</strong></span> 
     </span>
     <span class='ocr_line' id='line_1_15' title="bbox 444 2195 1621 2288; baseline 0 -26"><span class='ocrx_word' id='word_1_118' title='bbox 444 2219 512 2276; x_wconf 82' lang='lat' dir='ltr'><strong>rem</strong></span> <span class='ocrx_word' id='word_1_119' title='bbox 540 2205 702 2261; x_wconf 81' lang='lat' dir='ltr'><strong>auctorem</strong></span> <span class='ocrx_word' id='word_1_120' title='bbox 730 2215 767 2258; x_wconf 89' lang='lat' dir='ltr'><strong>ac</strong></span> <span class='ocrx_word' id='word_1_121' title='bbox 793 2206 915 2284; x_wconf 33' lang='lat' dir='ltr'><strong>test-em.</strong></span> <span class='ocrx_word' id='word_1_122' title='bbox 962 2195 1126 2262; x_wconf 86' lang='lat' dir='ltr'><strong>Praeclara</strong></span> <span class='ocrx_word' id='word_1_123' title='bbox 1145 2219 1195 2264; x_wconf 91' lang='lat' dir='ltr'><strong>res</strong></span> <span class='ocrx_word' id='word_1_124' title='bbox 1213 2208 1247 2264; x_wconf 88' lang='lat' dir='ltr'><strong>et</strong></span> <span class='ocrx_word' id='word_1_125' title='bbox 1267 2197 1430 2288; x_wconf 82' lang='lat' dir='ltr'><strong>egregi-ami</strong></span> <span class='ocrx_word' id='word_1_126' title='bbox 1454 2197 1621 2265; x_wconf 86' lang='lat' dir='ltr'><strong>Gramma-</strong></span> 
     </span>
     <span class='ocr_line' id='line_1_16' title="bbox 444 2298 1657 2392; baseline 0.001 -26"><span class='ocrx_word' id='word_1_127' title='bbox 444 2302 526 2367; x_wconf 90' lang='lat' dir='ltr'><strong>ticae</strong></span> <span class='ocrx_word' id='word_1_128' title='bbox 555 2300 631 2366; x_wconf 89' lang='lat' dir='ltr'><strong>artis</strong></span> <span class='ocrx_word' id='word_1_129' title='bbox 658 2298 853 2391; x_wconf 84' lang='lat' dir='ltr'><strong>praesidium</strong></span> <span class='ocrx_word' id='word_1_130' title='bbox 882 2310 930 2365; x_wconf 89' lang='lat' dir='ltr'><strong>est</strong></span> <span class='ocrx_word' id='word_1_131' title='bbox 957 2311 1147 2366; x_wconf 79' lang='lat' dir='ltr'><strong>accentuum</strong></span> <span class='ocrx_word' id='word_1_132' title='bbox 1175 2301 1331 2368; x_wconf 90' lang='lat' dir='ltr'><strong>rationem</strong></span> <span class='ocrx_word' id='word_1_133' title='bbox 1352 2302 1455 2392; x_wconf 84' lang='lat' dir='ltr'><strong>proba</strong></span> <span class='ocrx_word' id='word_1_134' title='bbox 1474 2324 1564 2368; x_wconf 87' lang='lat' dir='ltr'><strong>nosse</strong></span> <span class='ocrx_word' id='word_1_135' title='bbox 1583 2313 1618 2367; x_wconf 89' lang='lat' dir='ltr'><strong>et</strong></span> <span class='ocrx_word' id='word_1_136' title='bbox 1651 2329 1657 2338; x_wconf 88' lang='grc'><em>·</em></span> 
     </span>
     <span class='ocr_line' id='line_1_17' title="bbox 444 2404 1621 2499; baseline 0.003 -27"><span class='ocrx_word' id='word_1_137' title='bbox 444 2406 566 2498; x_wconf 88' lang='lat' dir='ltr'><strong>ubique</strong></span> <span class='ocrx_word' id='word_1_138' title='bbox 589 2406 768 2499; x_wconf 78' lang='lat' dir='ltr'><strong>expeditam</strong></span> <span class='ocrx_word' id='word_1_139' title='bbox 796 2416 829 2470; x_wconf 91' lang='lat' dir='ltr'><strong>et</strong></span> <span class='ocrx_word' id='word_1_140' title='bbox 852 2416 996 2494; x_wconf 91' lang='lat' dir='ltr'><strong>paratam</strong></span> <span class='ocrx_word' id='word_1_141' title='bbox 1016 2404 1146 2471; x_wconf 86' lang='lat' dir='ltr'><strong>babere.</strong></span> <span class='ocrx_word' id='word_1_142' title='bbox 1194 2404 1384 2498; x_wconf 80' lang='lat' dir='ltr'><strong>Complures</strong></span> <span class='ocrx_word' id='word_1_143' title='bbox 1402 2422 1476 2475; x_wconf 90' lang='lat' dir='ltr'><strong>suot</strong></span> <span class='ocrx_word' id='word_1_144' title='bbox 1496 2419 1621 2475; x_wconf 90' lang='lat' dir='ltr'><strong>nostra-</strong></span> 
     </span>
     <span class='ocr_line' id='line_1_18' title="bbox 427 2509 1621 2603; baseline 0.003 -25"><span class='ocrx_word' id='word_1_145' title='bbox 427 2514 541 2592; x_wconf 90' lang='lat' dir='ltr'><strong>·tium,</strong></span> <span class='ocrx_word' id='word_1_146' title='bbox 565 2512 621 2603; x_wconf 91' lang='lat' dir='ltr'><strong>qui</strong></span> <span class='ocrx_word' id='word_1_147' title='bbox 641 2511 750 2577; x_wconf 91' lang='lat' dir='ltr'><strong>nescio</strong></span> <span class='ocrx_word' id='word_1_148' title='bbox 770 2511 933 2600; x_wconf 91' lang='lat' dir='ltr'><strong>quomodo</strong></span> <span class='ocrx_word' id='word_1_149' title='bbox 956 2510 1169 2578; x_wconf 87' lang='lat' dir='ltr'><strong>certissimum</strong></span> <span class='ocrx_word' id='word_1_150' title='bbox 1187 2509 1250 2579; x_wconf 89' lang='lat' dir='ltr'><strong>buc</strong></span> <span class='ocrx_word' id='word_1_151' title='bbox 1267 2511 1463 2582; x_wconf 86' lang='lat' dir='ltr'><strong>Litterarum</strong></span> <span class='ocrx_word' id='word_1_152' title='bbox 1482 2513 1621 2582; x_wconf 87' lang='lat' dir='ltr'><strong>Graeca-</strong></span> 
     </span>
     <span class='ocr_line' id='line_1_19' title="bbox 443 2614 1620 2696; baseline 0 -10"><span class='ocrx_word' id='word_1_153' title='bbox 443 2642 516 2686; x_wconf 89' lang='lat' dir='ltr'><strong>rum</strong></span> <span class='ocrx_word' id='word_1_154' title='bbox 536 2617 713 2684; x_wconf 84' lang='lat' dir='ltr'><strong>subsidium</strong></span> <span class='ocrx_word' id='word_1_155' title='bbox 732 2614 846 2681; x_wconf 81' lang='lat' dir='ltr'><strong>volunt</strong></span> <span class='ocrx_word' id='word_1_156' title='bbox 865 2625 1071 2682; x_wconf 88' lang='lat' dir='ltr'><strong>contemnere</strong></span> <span class='ocrx_word' id='word_1_157' title='bbox 1091 2616 1207 2696; x_wconf 83' lang='lat' dir='ltr'><strong>videri,</strong></span> <span class='ocrx_word' id='word_1_158' title='bbox 1225 2629 1258 2686; x_wconf 90' lang='lat' dir='ltr'><strong>et</strong></span> <span class='ocrx_word' id='word_1_159' title='bbox 1276 2617 1519 2688; x_wconf 82' lang='lat' dir='ltr'><strong>desecantibus</strong></span> <span class='ocrx_word' id='word_1_160' title='bbox 1540 2642 1620 2686; x_wconf 92' lang='lat' dir='ltr'><strong>oon·</strong></span> 
     </span>
     <span class='ocr_line' id='line_1_20' title="bbox 444 2719 1620 2792; baseline 0 0"><span class='ocrx_word' id='word_1_161' title='bbox 444 2723 624 2792; x_wconf 87' lang='lat' dir='ltr'><strong>temnendis</strong></span> <span class='ocrx_word' id='word_1_162' title='bbox 644 2721 746 2789; x_wconf 77' lang='lat' dir='ltr'><strong>veluti</strong></span> <span class='ocrx_word' id='word_1_163' title='bbox 767 2719 807 2786; x_wconf 92' lang='lat' dir='ltr'><strong>de</strong></span> <span class='ocrx_word' id='word_1_164' title='bbox 827 2733 994 2788; x_wconf 88' lang='lat' dir='ltr'><strong>contemtu</strong></span> <span class='ocrx_word' id='word_1_165' title='bbox 1010 2721 1193 2788; x_wconf 80' lang='lat' dir='ltr'><strong>divitiarum</strong></span> <span class='ocrx_word' id='word_1_166' title='bbox 1212 2722 1333 2790; x_wconf 88' lang='lat' dir='ltr'><strong>urbane</strong></span> <span class='ocrx_word' id='word_1_167' title='bbox 1352 2737 1385 2790; x_wconf 90' lang='lat' dir='ltr'><strong>et</strong></span> <span class='ocrx_word' id='word_1_168' title='bbox 1403 2725 1540 2792; x_wconf 84' lang='lat' dir='ltr'><strong>suaviter</strong></span> <span class='ocrx_word' id='word_1_169' title='bbox 1557 2746 1620 2792; x_wconf 91' lang='lat' dir='ltr'><strong>nu-</strong></span> 
     </span>
     <span class='ocr_line' id='line_1_21' title="bbox 443 2826 1620 2923; baseline 0.002 -27"><span class='ocrx_word' id='word_1_170' title='bbox 443 2842 568 2923; x_wconf 79' lang='lat' dir='ltr'><strong>gantur.</strong></span> <span class='ocrx_word' id='word_1_171' title='bbox 617 2827 740 2907; x_wconf 84' lang='lat' dir='ltr'><strong>Gredo‚</strong></span> <span class='ocrx_word' id='word_1_172' title='bbox 765 2826 937 2894; x_wconf 88' lang='lat' dir='ltr'><strong>difficultas</strong></span> <span class='ocrx_word' id='word_1_173' title='bbox 956 2840 989 2896; x_wconf 92' lang='lat' dir='ltr'><strong>et</strong></span> <span class='ocrx_word' id='word_1_174' title='bbox 1005 2829 1099 2896; x_wconf 85' lang='lat' dir='ltr'><strong>labor</strong></span> <span class='ocrx_word' id='word_1_175' title='bbox 1118 2828 1263 2896; x_wconf 86' lang='lat' dir='ltr'><strong>discendi</strong></span> <span class='ocrx_word' id='word_1_176' title='bbox 1284 2828 1434 2896; x_wconf 83' lang='lat' dir='ltr'><strong>disertam</strong></span> <span class='ocrx_word' id='word_1_177' title='bbox 1454 2832 1620 2922; x_wconf 86' lang='lat' dir='ltr'><strong>negligen-</strong></span> 
     </span>
     <span class='ocr_line' id='line_1_22' title="bbox 443 2932 1618 3016; baseline 0.002 -14"><span class='ocrx_word' id='word_1_178' title='bbox 443 2936 521 3002; x_wconf 89' lang='lat' dir='ltr'><strong>tiam</strong></span> <span class='ocrx_word' id='word_1_179' title='bbox 538 2935 622 3000; x_wconf 82' lang='lat' dir='ltr'><strong>lacit</strong></span> <span class='ocrx_word' id='word_1_180' title='bbox 654 2932 780 2998; x_wconf 89' lang='lat' dir='ltr'><strong>Malunt</strong></span> <span class='ocrx_word' id='word_1_181' title='bbox 802 2933 888 3000; x_wconf 88' lang='lat' dir='ltr'><strong>enim</strong></span> <span class='ocrx_word' id='word_1_182' title='bbox 907 2932 1059 3000; x_wconf 87' lang='lat' dir='ltr'><strong>disserere</strong></span> <span class='ocrx_word' id='word_1_183' title='bbox 1078 2934 1161 3000; x_wconf 92' lang='lat' dir='ltr'><strong>nihil</strong></span> <span class='ocrx_word' id='word_1_184' title='bbox 1179 2957 1247 3002; x_wconf 87' lang='lat' dir='ltr'><strong>esso</strong></span> <span class='ocrx_word' id='word_1_185' title='bbox 1268 2934 1302 3000; x_wconf 93' lang='lat' dir='ltr'><strong>in</strong></span> <span class='ocrx_word' id='word_1_186' title='bbox 1321 2936 1508 3002; x_wconf 86' lang='lat' dir='ltr'><strong>accentibus</strong></span> <span class='ocrx_word' id='word_1_187' title='bbox 1525 2937 1618 3016; x_wconf 89' lang='lat' dir='ltr'><strong>boni,</strong></span> 
     </span>
     <span class='ocr_line' id='line_1_23' title="bbox 443 3037 1618 3136; baseline 0.003 -30"><span class='ocrx_word' id='word_1_188' title='bbox 443 3065 541 3134; x_wconf 89' lang='lat' dir='ltr'><strong>quam</strong></span> <span class='ocrx_word' id='word_1_189' title='bbox 562 3038 640 3131; x_wconf 87' lang='lat' dir='ltr'><strong>quid</strong></span> <span class='ocrx_word' id='word_1_190' title='bbox 662 3039 702 3105; x_wconf 89' lang='lat' dir='ltr'><strong>sit</strong></span> <span class='ocrx_word' id='word_1_191' title='bbox 720 3037 852 3136; x_wconf 84' lang='lat' dir='ltr'><strong>discere.</strong></span> <span class='ocrx_word' id='word_1_192' title='bbox 899 3039 1004 3106; x_wconf 90' lang='lat' dir='ltr'><strong>Nemo</strong></span> <span class='ocrx_word' id='word_1_193' title='bbox 1026 3062 1180 3133; x_wconf 87' lang='lat' dir='ltr'><strong>umquam</strong></span> <span class='ocrx_word' id='word_1_194' title='bbox 1200 3043 1320 3134; x_wconf 90' lang='lat' dir='ltr'><strong>poterit</strong></span> <span class='ocrx_word' id='word_1_195' title='bbox 1338 3042 1401 3109; x_wconf 92' lang='lat' dir='ltr'><strong>boc</strong></span> <span class='ocrx_word' id='word_1_196' title='bbox 1419 3044 1618 3111; x_wconf 91' lang='lat' dir='ltr'><strong>adminiculo</strong></span> 
     </span>
    </p>
   </div>
   <div class='ocr_carea' id='block_1_6' title="bbox 257 3143 1616 3238">
    <p class='ocr_par' dir='ltr' id='par_1_7' title="bbox 257 3143 1616 3238">
     <span class='ocr_line' id='line_1_24' title="bbox 257 3143 1616 3238; baseline 0.002 -27"><span class='ocrx_word' id='word_1_197' title='bbox 257 3189 263 3202; x_wconf 82' lang='lat'><strong>,</strong></span> <span class='ocrx_word' id='word_1_198' title='bbox 352 3219 354 3222; x_wconf 52' lang='grc'><strong>,</strong></span> <span class='ocrx_word' id='word_1_199' title='bbox 442 3148 613 3213; x_wconf 88' lang='lat' dir='ltr'><strong>destitutus</strong></span> <span class='ocrx_word' id='word_1_200' title='bbox 641 3143 862 3210; x_wconf 85' lang='lat' dir='ltr'><strong>inexhaustam</strong></span> <span class='ocrx_word' id='word_1_201' title='bbox 891 3145 1020 3234; x_wconf 87' lang='lat' dir='ltr'><strong>linguae</strong></span> <span class='ocrx_word' id='word_1_202' title='bbox 1051 3146 1189 3213; x_wconf 87' lang='lat' dir='ltr'><strong>Graecae</strong></span> <span class='ocrx_word' id='word_1_203' title='bbox 1219 3149 1344 3238; x_wconf 89' lang='lat' dir='ltr'><strong>copiam</strong></span> <span class='ocrx_word' id='word_1_204' title='bbox 1374 3161 1408 3214; x_wconf 93' lang='lat' dir='ltr'><strong>et</strong></span> <span class='ocrx_word' id='word_1_205' title='bbox 1430 3149 1616 3214; x_wconf 79' lang='lat' dir='ltr'><strong>varietatem</strong></span> 
     </span>
    </p>
   </div>
   <div class='ocr_carea' id='block_1_7' title="bbox 393 3250 1619 4827">
    <p class='ocr_par' dir='ltr' id='par_1_8' title="bbox 393 3250 1619 4827">
     <span class='ocr_line' id='line_1_25' title="bbox 440 3250 1618 3343; baseline 0.003 -26"><span class='ocrx_word' id='word_1_206' title='bbox 440 3252 549 3317; x_wconf 85' lang='lat' dir='ltr'><strong>animo</strong></span> <span class='ocrx_word' id='word_1_207' title='bbox 570 3263 602 3318; x_wconf 91' lang='lat' dir='ltr'><strong>ct</strong></span> <span class='ocrx_word' id='word_1_208' title='bbox 623 3262 731 3316; x_wconf 89' lang='lat' dir='ltr'><strong>mente</strong></span> <span class='ocrx_word' id='word_1_209' title='bbox 752 3250 797 3314; x_wconf 89' lang='lat' dir='ltr'><strong>sio</strong></span> <span class='ocrx_word' id='word_1_210' title='bbox 815 3250 1003 3341; x_wconf 87' lang='lat' dir='ltr'><strong>complecti,</strong></span> <span class='ocrx_word' id='word_1_211' title='bbox 1034 3263 1069 3316; x_wconf 94' lang='lat' dir='ltr'><strong>ut</strong></span> <span class='ocrx_word' id='word_1_212' title='bbox 1093 3275 1158 3318; x_wconf 91' lang='lat' dir='ltr'><strong>non</strong></span> <span class='ocrx_word' id='word_1_213' title='bbox 1179 3253 1283 3319; x_wconf 87' lang='lat' dir='ltr'><strong>multa</strong></span> <span class='ocrx_word' id='word_1_214' title='bbox 1302 3253 1492 3343; x_wconf 81' lang='lat' dir='ltr'><strong>permisceat</strong></span> <span class='ocrx_word' id='word_1_215' title='bbox 1517 3261 1552 3320; x_wconf 81' lang='lat' dir='ltr'><strong>&#39;et</strong></span> <span class='ocrx_word' id='word_1_216' title='bbox 1573 3254 1618 3319; x_wconf 91' lang='lat' dir='ltr'><strong>ri-</strong></span> 
     </span>
     <span class='ocr_line' id='line_1_26' title="bbox 442 3354 1618 3449; baseline 0.001 -26"><span class='ocrx_word' id='word_1_217' title='bbox 442 3358 549 3424; x_wconf 92' lang='lat' dir='ltr'><strong>dicule</strong></span> <span class='ocrx_word' id='word_1_218' title='bbox 580 3354 774 3434; x_wconf 85' lang='lat' dir='ltr'><strong>confundat,</strong></span> <span class='ocrx_word' id='word_1_219' title='bbox 807 3377 890 3446; x_wconf 85' lang='lat' dir='ltr'><strong>quae</strong></span> <span class='ocrx_word' id='word_1_220' title='bbox 918 3357 1042 3437; x_wconf 83' lang='lat' dir='ltr'><strong>forma,</strong></span> <span class='ocrx_word' id='word_1_221' title='bbox 1073 3381 1185 3439; x_wconf 88' lang='lat' dir='ltr'><strong>sensu,</strong></span> <span class='ocrx_word' id='word_1_222' title='bbox 1209 3381 1287 3437; x_wconf 84' lang='lat' dir='ltr'><strong>usu,</strong></span> <span class='ocrx_word' id='word_1_223' title='bbox 1311 3371 1414 3426; x_wconf 89' lang='lat' dir='ltr'><strong>aetate</strong></span> <span class='ocrx_word' id='word_1_224' title='bbox 1433 3371 1489 3424; x_wconf 88' lang='lat' dir='ltr'><strong>aut</strong></span> <span class='ocrx_word' id='word_1_225' title='bbox 1515 3358 1618 3449; x_wconf 88' lang='lat' dir='ltr'><strong>patria</strong></span> 
     </span>
     <span class='ocr_line' id='line_1_27' title="bbox 441 3461 1618 3554; baseline 0.002 -24"><span class='ocrx_word' id='word_1_226' title='bbox 441 3464 519 3531; x_wconf 91' lang='lat' dir='ltr'><strong>olim</strong></span> <span class='ocrx_word' id='word_1_227' title='bbox 541 3463 660 3529; x_wconf 89' lang='lat' dir='ltr'><strong>fuerint</strong></span> <span class='ocrx_word' id='word_1_228' title='bbox 680 3461 852 3554; x_wconf 82' lang='lat' dir='ltr'><strong>diligenter</strong></span> <span class='ocrx_word' id='word_1_229' title='bbox 871 3462 1016 3531; x_wconf 88' lang='lat' dir='ltr'><strong>diremta.</strong></span> <span class='ocrx_word' id='word_1_230' title='bbox 1063 3463 1202 3530; x_wconf 79' lang='lat' dir='ltr'><strong>Vaoillat</strong></span> <span class='ocrx_word' id='word_1_231' title='bbox 1226 3465 1380 3531; x_wconf 86' lang='lat' dir='ltr'><strong>memoria</strong></span> <span class='ocrx_word' id='word_1_232' title='bbox 1399 3465 1432 3530; x_wconf 91' lang='lat' dir='ltr'><strong>in</strong></span> <span class='ocrx_word' id='word_1_233' title='bbox 1451 3487 1489 3531; x_wconf 93' lang='lat' dir='ltr'><strong>ea</strong></span> <span class='ocrx_word' id='word_1_234' title='bbox 1513 3466 1618 3539; x_wconf 80' lang='lat' dir='ltr'><strong>incre,-</strong></span> 
     </span>
     <span class='ocr_line' id='line_1_28' title="bbox 441 3555 1618 3662; baseline -0.002 -24"><span class='ocrx_word' id='word_1_235' title='bbox 441 3571 536 3638; x_wconf 91' lang='lat' dir='ltr'><strong>dibili</strong></span> <span class='ocrx_word' id='word_1_236' title='bbox 556 3571 731 3638; x_wconf 87' lang='lat' dir='ltr'><strong>formarum</strong></span> <span class='ocrx_word' id='word_1_237' title='bbox 753 3571 861 3662; x_wconf 89' lang='lat' dir='ltr'><strong>copia,</strong></span> <span class='ocrx_word' id='word_1_238' title='bbox 884 3571 918 3635; x_wconf 91' lang='lat' dir='ltr'><strong>in</strong></span> <span class='ocrx_word' id='word_1_239' title='bbox 940 3555 1122 3662; x_wconf 70' lang='lat' dir='ltr'><strong>analogiae,</strong></span> <span class='ocrx_word' id='word_1_240' title='bbox 1139 3571 1361 3651; x_wconf 79' lang='lat' dir='ltr'><strong>derivationis,</strong></span> <span class='ocrx_word' id='word_1_241' title='bbox 1377 3571 1618 3661; x_wconf 88' lang='lat' dir='ltr'><strong>compositionis</strong></span> 
     </span>
     <span class='ocr_line' id='line_1_29' title="bbox 441 3671 1619 3766; baseline -0.002 -22"><span class='ocrx_word' id='word_1_242' title='bbox 441 3671 565 3744; x_wconf 83' lang='lat' dir='ltr'><strong>ratione&#39;</strong></span> <span class='ocrx_word' id='word_1_243' title='bbox 584 3689 616 3743; x_wconf 92' lang='lat' dir='ltr'><strong>et</strong></span> <span class='ocrx_word' id='word_1_244' title='bbox 636 3699 694 3742; x_wconf 90' lang='lat' dir='ltr'><strong>usu</strong></span> <span class='ocrx_word' id='word_1_245' title='bbox 715 3675 929 3755; x_wconf 81' lang='lat' dir='ltr'><strong>observando,</strong></span> <span class='ocrx_word' id='word_1_246' title='bbox 949 3675 1166 3766; x_wconf 89' lang='lat' dir='ltr'><strong>disponendo,</strong></span> <span class='ocrx_word' id='word_1_247' title='bbox 1189 3676 1342 3743; x_wconf 87' lang='lat' dir='ltr'><strong>tenaciter</strong></span> <span class='ocrx_word' id='word_1_248' title='bbox 1358 3675 1543 3756; x_wconf 67' lang='lat' dir='ltr'><strong>retinemo,</strong></span> <span class='ocrx_word' id='word_1_249' title='bbox 1562 3676 1619 3742; x_wconf 91' lang='lat' dir='ltr'><strong>ubi</strong></span> 
     </span>
     <span class='ocr_line' id='line_1_30' title="bbox 441 3781 1616 3873; baseline -0.003 -22"><span class='ocrx_word' id='word_1_250' title='bbox 441 3784 499 3852; x_wconf 90' lang='lat' dir='ltr'><strong>hos</strong></span> <span class='ocrx_word' id='word_1_251' title='bbox 520 3796 624 3850; x_wconf 84' lang='lat' dir='ltr'><strong>certos</strong></span> <span class='ocrx_word' id='word_1_252' title='bbox 644 3782 765 3848; x_wconf 84' lang='lat' dir='ltr'><strong>indices</strong></span> <span class='ocrx_word' id='word_1_253' title='bbox 782 3781 897 3847; x_wconf 91' lang='lat' dir='ltr'><strong>horum</strong></span> <span class='ocrx_word' id='word_1_254' title='bbox 916 3781 1136 3847; x_wconf 89' lang='lat' dir='ltr'><strong>discriminum</strong></span> <span class='ocrx_word' id='word_1_255' title='bbox 1157 3782 1327 3848; x_wconf 88' lang='lat' dir='ltr'><strong>oscitanter</strong></span> <span class='ocrx_word' id='word_1_256' title='bbox 1344 3794 1377 3848; x_wconf 94' lang='lat' dir='ltr'><strong>et</strong></span> <span class='ocrx_word' id='word_1_257' title='bbox 1392 3781 1489 3849; x_wconf 87' lang='lat' dir='ltr'><strong>stulto</strong></span> <span class='ocrx_word' id='word_1_258' title='bbox 1504 3782 1616 3873; x_wconf 78' lang='lat' dir='ltr'><strong>negle-</strong></span> 
     </span>
     <span class='ocr_line' id='line_1_31' title="bbox 435 3887 1616 3979; baseline -0.003 -23"><span class='ocrx_word' id='word_1_259' title='bbox 435 3888 529 3957; x_wconf 86' lang='lat' dir='ltr'><strong>&#39;xeris</strong></span> <span class='ocrx_word' id='word_1_260' title='bbox 577 3887 680 3954; x_wconf 90' lang='lat' dir='ltr'><strong>Nemo</strong></span> <span class='ocrx_word' id='word_1_261' title='bbox 706 3910 859 3979; x_wconf 88' lang='lat' dir='ltr'><strong>umquam</strong></span> <span class='ocrx_word' id='word_1_262' title='bbox 879 3889 1000 3978; x_wconf 92' lang='lat' dir='ltr'><strong>poterit</strong></span> <span class='ocrx_word' id='word_1_263' title='bbox 1021 3887 1218 3976; x_wconf 72' lang='lat' dir='ltr'><strong>syllabarum</strong></span> <span class='ocrx_word' id='word_1_264' title='bbox 1239 3888 1384 3954; x_wconf 91' lang='lat' dir='ltr'><strong>omnium</strong></span> <span class='ocrx_word' id='word_1_265' title='bbox 1404 3890 1616 3979; x_wconf 87' lang='lat' dir='ltr'><strong>quantitatem</strong></span> 
     </span>
     <span class='ocr_line' id='line_1_32' title="bbox 440 3973 1614 4086; baseline -0.003 -25"><span class='ocrx_word' id='word_1_266' title='bbox 440 3997 473 4061; x_wconf 93' lang='lat' dir='ltr'><strong>in</strong></span> <span class='ocrx_word' id='word_1_267' title='bbox 494 4005 632 4086; x_wconf 85' lang='lat' dir='ltr'><strong>promtu·</strong></span> <span class='ocrx_word' id='word_1_268' title='bbox 643 3994 778 4075; x_wconf 88' lang='lat' dir='ltr'><strong>habere,</strong></span> <span class='ocrx_word' id='word_1_269' title='bbox 795 3973 928 4084; x_wconf 51' lang='lat' dir='ltr'><strong>nisi⁸qui</strong></span> <span class='ocrx_word' id='word_1_270' title='bbox 949 4005 1130 4060; x_wconf 89' lang='lat' dir='ltr'><strong>constanter</strong></span> <span class='ocrx_word' id='word_1_271' title='bbox 1147 3993 1180 4058; x_wconf 95' lang='lat' dir='ltr'><strong>in</strong></span> <span class='ocrx_word' id='word_1_272' title='bbox 1201 3993 1334 4083; x_wconf 91' lang='lat' dir='ltr'><strong>singulis</strong></span> <span class='ocrx_word' id='word_1_273' title='bbox 1351 3994 1614 4076; x_wconf 65' lang='lat' dir='ltr'><strong>adcognoscitur,</strong></span> 
     </span>
     <span class='ocr_line' id='line_1_33' title="bbox 427 4097 1616 4190; baseline -0.003 -24"><span class='ocrx_word' id='word_1_274' title='bbox 427 4112 476 4166; x_wconf 80' lang='lat' dir='ltr'><strong>ut</strong></span> <span class='ocrx_word' id='word_1_275' title='bbox 507 4112 627 4167; x_wconf 83' lang='lat' dir='ltr'><strong>veteres</strong></span> <span class='ocrx_word' id='word_1_276' title='bbox 656 4099 770 4166; x_wconf 89' lang='lat' dir='ltr'><strong>Graeci</strong></span> <span class='ocrx_word' id='word_1_277' title='bbox 795 4109 952 4166; x_wconf 77' lang='lat' dir='ltr'><strong>occentus</strong></span> <span class='ocrx_word' id='word_1_278' title='bbox 982 4099 1167 4190; x_wconf 91' lang='lat' dir='ltr'><strong>appellant,</strong></span> <span class='ocrx_word' id='word_1_279' title='bbox 1198 4098 1295 4188; x_wconf 90' lang='lat' dir='ltr'><strong>longo</strong></span> <span class='ocrx_word' id='word_1_280' title='bbox 1324 4120 1384 4164; x_wconf 88' lang='lat' dir='ltr'><strong>usu</strong></span> <span class='ocrx_word' id='word_1_281' title='bbox 1416 4097 1616 4188; x_wconf 78' lang='lat' dir='ltr'><strong>cognoverit,</strong></span> 
     </span>
     <span class='ocr_line' id='line_1_34' title="bbox 440 4203 1615 4300; baseline -0.004 -27"><span class='ocrx_word' id='word_1_282' title='bbox 440 4225 524 4300; x_wconf 89' lang='lat' dir='ltr'><strong>quae</strong></span> <span class='ocrx_word' id='word_1_283' title='bbox 551 4207 706 4272; x_wconf 90' lang='lat' dir='ltr'><strong>continuo</strong></span> <span class='ocrx_word' id='word_1_284' title='bbox 732 4205 906 4272; x_wconf 87' lang='lat' dir='ltr'><strong>subiiciunt</strong></span> <span class='ocrx_word' id='word_1_285' title='bbox 929 4206 1032 4272; x_wconf 88' lang='lat' dir='ltr'><strong>oeulis</strong></span> <span class='ocrx_word' id='word_1_286' title='bbox 1060 4205 1093 4271; x_wconf 93' lang='lat' dir='ltr'><strong>id</strong></span> <span class='ocrx_word' id='word_1_287' title='bbox 1119 4203 1206 4295; x_wconf 88' lang='lat' dir='ltr'><strong>quod</strong></span> <span class='ocrx_word' id='word_1_288' title='bbox 1227 4204 1384 4298; x_wconf 79' lang='lat' dir='ltr'><strong>paulatim</strong></span> <span class='ocrx_word' id='word_1_289' title='bbox 1411 4203 1518 4269; x_wconf 88' lang='lat' dir='ltr'><strong>tenaci</strong></span> <span class='ocrx_word' id='word_1_290' title='bbox 1548 4225 1615 4268; x_wconf 89' lang='lat' dir='ltr'><strong>me-</strong></span> 
     </span>
     <span class='ocr_line' id='line_1_35' title="bbox 424 4307 1614 4403; baseline -0.007 -23"><span class='ocrx_word' id='word_1_291' title='bbox 424 4313 540 4380; x_wconf 88' lang='lat' dir='ltr'><strong>-moria</strong></span> <span class='ocrx_word' id='word_1_292' title='bbox 570 4312 723 4380; x_wconf 89' lang='lat' dir='ltr'><strong>debemus</strong></span> <span class='ocrx_word' id='word_1_293' title='bbox 751 4311 908 4403; x_wconf 90' lang='lat' dir='ltr'><strong>philologi</strong></span> <span class='ocrx_word' id='word_1_294' title='bbox 936 4312 1071 4377; x_wconf 84' lang='lat' dir='ltr'><strong>firmiter</strong></span> <span class='ocrx_word' id='word_1_295' title='bbox 1098 4312 1131 4376; x_wconf 94' lang='lat' dir='ltr'><strong>in</strong></span> <span class='ocrx_word' id='word_1_296' title='bbox 1165 4310 1315 4376; x_wconf 89' lang='lat' dir='ltr'><strong>omnibus</strong></span> <span class='ocrx_word' id='word_1_297' title='bbox 1344 4321 1464 4376; x_wconf 89' lang='lat' dir='ltr'><strong>tenere.</strong></span> <span class='ocrx_word' id='word_1_298' title='bbox 1513 4307 1614 4392; x_wconf 75' lang='lat' dir='ltr'><strong>Quam</strong></span> 
     </span>
     <span class='ocr_line' id='line_1_36' title="bbox 439 4412 1613 4504; baseline -0.006 -19"><span class='ocrx_word' id='word_1_299' title='bbox 439 4419 651 4486; x_wconf 85' lang='lat' dir='ltr'><strong>necessarium</strong></span> <span class='ocrx_word' id='word_1_300' title='bbox 672 4418 712 4484; x_wconf 89' lang='lat' dir='ltr'><strong>sit</strong></span> <span class='ocrx_word' id='word_1_301' title='bbox 732 4419 765 4484; x_wconf 96' lang='lat' dir='ltr'><strong>in</strong></span> <span class='ocrx_word' id='word_1_302' title='bbox 782 4441 816 4484; x_wconf 88' lang='lat' dir='ltr'><strong>re</strong></span> <span class='ocrx_word' id='word_1_303' title='bbox 838 4417 1051 4486; x_wconf 83' lang='lat' dir='ltr'><strong>Grammatico</strong></span> <span class='ocrx_word' id='word_1_304' title='bbox 1069 4429 1102 4483; x_wconf 93' lang='lat' dir='ltr'><strong>et</strong></span> <span class='ocrx_word' id='word_1_305' title='bbox 1119 4415 1237 4483; x_wconf 82' lang='lat' dir='ltr'><strong>Gritica</strong></span> <span class='ocrx_word' id='word_1_306' title='bbox 1258 4416 1402 4482; x_wconf 80' lang='lat' dir='ltr'><strong>omniurn</strong></span> <span class='ocrx_word' id='word_1_307' title='bbox 1420 4412 1613 4504; x_wconf 75' lang='lat' dir='ltr'><strong>syllabarum</strong></span> 
     </span>
     <span class='ocr_line' id='line_1_37' title="bbox 393 4518 1614 4613; baseline -0.007 -20"><span class='ocrx_word' id='word_1_308' title='bbox 393 4533 395 4537; x_wconf 79' lang='grc'><strong>’</strong></span> <span class='ocrx_word' id='word_1_309' title='bbox 425 4548 621 4592; x_wconf 82' lang='lat' dir='ltr'><strong>mensuram</strong></span> <span class='ocrx_word' id='word_1_310' title='bbox 648 4525 741 4602; x_wconf 87' lang='lat' dir='ltr'><strong>scire,</strong></span> <span class='ocrx_word' id='word_1_311' title='bbox 770 4536 803 4591; x_wconf 91' lang='lat' dir='ltr'><strong>et</strong></span> <span class='ocrx_word' id='word_1_312' title='bbox 826 4545 893 4590; x_wconf 91' lang='lat' dir='ltr'><strong>non</strong></span> <span class='ocrx_word' id='word_1_313' title='bbox 913 4524 1007 4589; x_wconf 91' lang='lat' dir='ltr'><strong>aliter</strong></span> <span class='ocrx_word' id='word_1_314' title='bbox 1026 4545 1123 4613; x_wconf 91' lang='lat' dir='ltr'><strong>quam</strong></span> <span class='ocrx_word' id='word_1_315' title='bbox 1143 4524 1189 4588; x_wconf 88' lang='lat' dir='ltr'><strong>sic</strong></span> <span class='ocrx_word' id='word_1_316' title='bbox 1210 4522 1291 4588; x_wconf 87' lang='lat' dir='ltr'><strong>artis·</strong></span> <span class='ocrx_word' id='word_1_317' title='bbox 1307 4522 1460 4588; x_wconf 83' lang='lat' dir='ltr'><strong>Metrioae</strong></span> <span class='ocrx_word' id='word_1_318' title='bbox 1477 4518 1614 4585; x_wconf 89' lang='lat' dir='ltr'><strong>faculta-</strong></span> 
     </span>
     <span class='ocr_line' id='line_1_38' title="bbox 441 4624 1613 4721; baseline -0.005 -25"><span class='ocrx_word' id='word_1_319' title='bbox 441 4642 506 4696; x_wconf 88' lang='lat' dir='ltr'><strong>tem</strong></span> <span class='ocrx_word' id='word_1_320' title='bbox 526 4631 614 4697; x_wconf 89' lang='lat' dir='ltr'><strong>nasoi</strong></span> <span class='ocrx_word' id='word_1_321' title='bbox 629 4641 662 4696; x_wconf 90' lang='lat' dir='ltr'><strong>et</strong></span> <span class='ocrx_word' id='word_1_322' title='bbox 682 4629 785 4696; x_wconf 83' lang='lat' dir='ltr'><strong>excoli</strong></span> <span class='ocrx_word' id='word_1_323' title='bbox 800 4653 907 4721; x_wconf 90' lang='lat' dir='ltr'><strong>posse,</strong></span> <span class='ocrx_word' id='word_1_324' title='bbox 924 4642 957 4695; x_wconf 90' lang='lat' dir='ltr'><strong>et</strong></span> <span class='ocrx_word' id='word_1_325' title='bbox 972 4629 1316 4720; x_wconf 72' lang='lat' dir='ltr'><strong>caecutirepassimm</strong></span> <span class='ocrx_word' id='word_1_326' title='bbox 1332 4627 1513 4717; x_wconf 81' lang='lat' dir='ltr'><strong>turpiterse</strong></span> <span class='ocrx_word' id='word_1_327' title='bbox 1523 4624 1613 4710; x_wconf 82' lang='lat' dir='ltr'><strong>dare,</strong></span> 
     </span>
     <span class='ocr_line' id='line_1_39' title="bbox 440 4727 1613 4827; baseline -0.005 -25"><span class='ocrx_word' id='word_1_328' title='bbox 440 4727 498 4826; x_wconf 73' lang='lat' dir='ltr'><strong>gui</strong></span> <span class='ocrx_word' id='word_1_329' title='bbox 517 4735 577 4804; x_wconf 88' lang='lat' dir='ltr'><strong>bac</strong></span> <span class='ocrx_word' id='word_1_330' title='bbox 596 4733 750 4802; x_wconf 80' lang='lat' dir='ltr'><strong>facultate</strong></span> <span class='ocrx_word' id='word_1_331' title='bbox 769 4748 898 4804; x_wconf 87' lang='lat' dir='ltr'><strong>careant</strong></span> <span class='ocrx_word' id='word_1_332' title='bbox 919 4757 1148 4827; x_wconf 81' lang='lat' dir='ltr'><strong>supervacuum</strong></span> <span class='ocrx_word' id='word_1_333' title='bbox 1170 4747 1218 4802; x_wconf 91' lang='lat' dir='ltr'><strong>est</strong></span> <span class='ocrx_word' id='word_1_334' title='bbox 1238 4733 1467 4804; x_wconf 83' lang='lat' dir='ltr'><strong>demonstrare.</strong></span> <span class='ocrx_word' id='word_1_335' title='bbox 1500 4731 1613 4822; x_wconf 88' lang='lat' dir='ltr'><strong>ltaque</strong></span> 
     </span>
    </p>
   </div>
   <div class='ocr_carea' id='block_1_8' title="bbox 0 0 1888 5717">
    <p class='ocr_par' dir='ltr' id='par_1_9' title="bbox 0 0 1888 5717">
     <span class='ocr_line' id='line_1_40' title="bbox 0 0 1888 5717; baseline 0 2"><span class='ocrx_word' id='word_1_336' title='bbox 0 0 1888 5717; x_wconf 95' lang='lat' dir='ltr'><strong> </strong></span> 
     </span>
    </p>
   </div>
  </div>
 </body>
</html>
