3767 5717
731 690 734 696 <
838 656 901 720 307

291 850 349 920 οἷον
369 854 407 919 τό
431 851 575 918 όπτοιτο
602 849 714 916 nolui
734 848 1011 926 ἀπαντώμενος
1040 845 1092 909 uel
1115 846 1151 911 τό
1176 841 1464 916 κοιόεσόεὶςούδό

290 959 454 1039 μετοικικὰ
468 965 525 1031 τῆς
545 953 712 1031 Ἀθηναίων
731 959 848 1035 φωνῆς.
873 965 906 1018 et
925 954 958 1016 in
977 951 1030 1029 iis,
1050 973 1133 1041 quae
1154 951 1194 1016 de
1213 949 1367 1018 Socnarn
1382 970 1466 1039 quo·

292 1062 366 1128 dam
385 1063 588 1128 soloecismos
608 1059 730 1124 urbane
748 1071 900 1149 arguente
920 1059 1038 1148 scripta
1056 1069 1131 1122 sunt
1151 1059 1209 1136 76,
1221 1062 1251 1122 7.
1268 1051 1466 1122 ἵπτοισόοιι

290 1170 326 1235 δὲ’
341 1169 393 1234 ἐπὶ
418 1174 473 1233 τοῦ
497 1167 684 1233 πέτεσόοιι
709 1172 832 1230 πολλῶν
860 1165 1029 1243 λεγόντοιν·
1060 1160 1106 1228 ότι
1132 1165 1189 1241 μὲν
1212 1163 1277 1227 ἀπὸ
1302 1167 1360 1233 τῆς
1386 1157 1467 1231 πτή-

291 1298 368 1345 σεοις
391 1274 427 1337 τὸ
450 1271 549 1350 όνομοι
575 1277 686 1353 σοφῶς
712 1270 814 1348 ἴσμεν.
864 1269 956 1333 Peius
978 1268 1072 1333 etiam
1096 1277 1143 1332 est
1163 1267 1374 1339 πετοισόῆνιιι,
1402 1283 1468 1350 quo

292 1377 475 1443 Luctnnunr
497 1376 617 1442 ridebis
638 1386 781 1440 utentem
812 1380 870 1454 51,
889 1378 919 1440 6.
943 1372 1222 1466 ὑπερπετοισθέντοι
1248 1372 1283 1436 τό
1307 1369 1381 1450 ὅρος.
1430 1366 1469 1432 ln

294 1489 347 1562 47,
368 1490 423 1551 33.
442 1507 502 1574 pro
522 1483 690 1560 πετόμενον
709 1480 847 1571 pessime
867 1481 898 1546 in
923 1481 949 1545 A
972 1490 1019 1544 est
1038 1479 1212 1556 πινόμενον
1236 1499 1272 1540 er
1295 1473 1418 1564 Epicis,
1437 1483 1470 1538 et

293 1595 331 1668 9,
351 1593 408 1668 15,
428 1595 459 1656 3.
489 1587 636 1680 plerique
656 1587 732 1652 libri
750 1588 1010 1667 ποιροιπετόμενοι
1033 1583 1184 1649 exhibent
1210 1607 1270 1674 pro
1289 1578 1471 1662 ποιριιπετό-

294 1715 400 1772 μενοι,
423 1704 455 1758 et
479 1697 535 1771 12,
556 1696 609 1758 22.
628 1713 688 1781 pro
707 1691 954 1772 περιπετομένας
975 1689 1009 1753 in
1030 1689 1056 1754 B
1079 1700 1125 1753 est
1146 1685 1412 1769 περιπετομένοις.
1430 1695 1471 1750 'et

295 1804 337 1877 5,
356 1801 409 1864 21.
440 1799 712 1880 προσπετομένην,
733 1796 768 1862 in
789 1797 827 1861 d.
849 1795 1121 1892 προσπετομένην.
1145 1806 1177 1858 et
1203 1795 1258 1869 12,
1280 1794 1340 1869 22,
1373 1811 1471 1880 quam

295 1903 431 1970 mamam
452 1905 622 1970 Lucterius
641 1904 709 1992 ipse
730 1903 812 1968 ridet
823 1906 885 1980 60,
899 1906 957 1979 29,
974 1913 1006 1966 et
1021 1902 1145 1990 saepius
1156 1899 1242 1966 alibi.
1266 1897 1305 1962 ln
1321 1918 1471 1985 unoquo·

296 2031 360 2098 que
380 2009 533 2099 scriptore
553 2008 660 2073 Attico
682 2008 825 2099 ridemus
846 2007 991 2072 librarios
1016 2007 1129 2072 eodem
1153 2004 1250 2072 modo
1272 2004 1376 2070 omnia
1397 2025 1471 2092 per·

295 2112 433 2179 turbare.
482 2111 615 2202 Antiqui
638 2112 714 2177 libri
732 2124 764 2178 et
783 2114 916 2204 antiqua
934 2113 1096 2180 scribendi
1117 2111 1193 2178 sitia
1215 2133 1308 2200 saepe
1330 2121 1470 2176 nostram

294 2218 450 2283 rationem
471 2218 681 2295 confirmant,
704 2238 767 2307 qua
788 2223 904 2293 ππιῐνοιι
925 2229 957 2283 et
977 2217 1116 2283 πνοόσόιιι
1140 2217 1279 2306 Tragicis
1303 2225 1376 2280 sunt
1396 2237 1473 2306 pro-

274 2322 380 2413 pria,
400 2322 533 2386 πτέσόοιι
556 2321 705 2387 omnibus
722 2324 778 2412 qui
796 2325 981 2415 popularem
1003 2346 1179 2389 sermonem
1201 2335 1233 2387 et
1249 2319 1473 2412 quotidianum

295 2426 423 2494 dicendi
443 2449 536 2492 usum
556 2439 751 2517 sequuntur,
769 2431 918 2494 πέτεσθαι
941 2429 1090 2494 omnibus
1112 2428 1224 2493 luicis
1241 2426 1343 2491 solnm
1364 2427 1397 2489 in
1413 2446 1473 2490 usu

295 2546 362 2611 est,
396 2544 427 2598 ct
456 2533 621 2611 πέσοιμοιι,
645 2531 804 2612 ἵπτοιμιιι,
829 2534 1024 2611 insciolus,
1060 2536 1192 2625 (quibus
1225 2534 1295 2598 laex'
1323 2530 1473 2597 Graeciae

294 2638 440 2704 ἐπέτοισοι
460 2635 601 2713 addidit,
625 2637 689 2702 sid.
706 2637 785 2703 [οε.
807 2639 845 2703 ad
865 2639 991 2705 Pnnru.
1007 2663 1039 2730 p.
1053 2643 1132 2727 582)
1153 2662 1190 2704 er
1210 2638 1349 2728 antiquis
1369 2635 1473 2701 omni·

295 2743 356 2809 bus
384 2741 497 2807 sedulo
527 2754 602 2808 sunt
631 2743 860 2834 abstergenda,
887 2745 920 2809 in
946 2745 1146 2836 sequioribus
1167 2745 1265 2835 paulo
1285 2742 1473 2809 melioribus

292 2867 360 2913 noa
379 2849 448 2914 sine
464 2860 552 2914 certo
568 2851 726 2939 praesidio
742 2851 929 2931 retinenda,
945 2854 1062 2918 caeteri
1078 2853 1252 2942 loquantur
1268 2850 1354 2940 quod
1372 2849 1473 2915 lubet.

321 2955 462 3022 ·lladem
484 2957 677 3046 negligentia
693 2958 726 3022 in
746 2958 921 3024 formarum
941 2971 1083 3032 veterum
1103 2958 1232 3024 delectu
1246 2957 1331 3047 apud
1348 2955 1473 3022 Lucit-

293 3081 366 3132 ttutt
396 3063 537 3128 cernitur
561 3062 596 3128 in
621 3063 720 3128 verbo
746 3063 894 3145 ἕρχομοιι.
945 3060 1091 3144 Veteres,
1115 3076 1151 3129 ut
1174 3085 1268 3153 supra
1288 3061 1473 3151 diligentius

296 3167 513 3247 ostendimus,
546 3168 697 3235 dicebant
722 3167 872 3253 ἔρχομιιι,
900 3168 955 3235 sed
986 3167 1027 3253 ᾖσι
1060 3170 1163 3259 (brevi
1185 3181 1258 3261 post
1279 3181 1381 3234 aetate
1402 3167 1473 3232 Mr-

258 3295 262 3311 ‘
296 3290 424 3340 sennar
446 3275 523 3361 ᾔειν)
545 3295 609 3338 non
633 3273 791 3362 ἧρχόιιιρν,
814 3286 845 3342 et
864 3272 929 3354 εἶμι
950 3297 1014 3342 non
1035 3278 1205 3354 ἐλεύσομαι
1215 3325 1225 3354 ,
1249 3274 1365 3340 deinde
1383 3269 1472 3348 ἦλόον

293 3392 328 3446 et
346 3378 483 3454 ε’λήλνόιι
504 3390 536 3443 et
555 3379 587 3444 in
608 3379 748 3468 simplici
765 3378 865 3444 serbo
884 3393 917 3444 et
937 3381 971 3446 in
988 3381 1172 3472 compositis
1189 3380 1346 3446 omnibus.
1376 3379 1472 3446 Prae-

294 3497 382 3550 terea
403 3505 497 3546 nemo
517 3482 610 3563 ἔρχου
634 3483 761 3548 dicebat
781 3495 837 3549 aut
855 3485 1015 3566 οὶπέρχοο,
1041 3488 1240 3567 προσέρχου,Ι
1255 3483 1395 3566 οἶσέρχον
1417 3481 1473 3550 scd

270 3598 481 3663 [constanter
512 3610 624 3652 omnes
655 3588 715 3660 ln,
744 3586 850 3665 όιπιόι,
878 3588 1014 3670 πρόσιόι,
1041 3591 1144 3666 siocli,
1172 3602 1204 3655 et
1232 3591 1345 3656 eodem
1375 3587 1473 3654 modo

294 3695 393 3774 ἴοιμι,
429 3692 479 3771 ἴω,
510 3693 608 3768 idum,
643 3695 711 3767 ἱόν,
747 3715 923 3784 numquam
959 3696 1125 3777 ἐρχόμενος
1155 3708 1210 3761 eut
1239 3697 1386 3779 ἕρχεσόοιι
1419 3706 1473 3759 ant

295 3800 472 3890 quidquem
505 3797 699 3864 huiusmodi.
746 3798 859 3890 ltaque
885 3800 981 3874 Ξόνοιι,
1016 3801 1147 3878 ἐξιὲνοοι,
1184 3803 1324 3868 κοιτιένοιι
1353 3799 1472 3864 habent

294 3929 354 3997 pro
388 3927 422 3970 re
453 3916 526 3970 neta
557 3917 612 3968 aut
638 3906 814 3994 praesentis
838 3906 989 3995 temporis
1010 3918 1064 3971 aut
1085 3907 1184 3973 futuri
1206 3907 1472 3997 significationem

294 4022 327 4078 et
355 4033 467 4088 usum,
500 4011 593 4075 sicuti
618 4022 651 4074 et
682 4011 887 4101 participium
918 4012 1167 4088 cesenatem,
1194 4017 1328 4086 ιοιιτιιόν,
1356 4014 1470 4093 ποιριιόν

295 4130 376 4184 caet.
397 4139 456 4206 pro
475 4117 592 4206 quibus
613 4116 761 4182 Graeculi
780 4120 897 4184 ἰόιῶτοιι
913 4118 1064 4184 dicebant
1080 4120 1281 4201 ἐξερχόμενος
1301 4132 1333 4184 et
1348 4119 1471 4196 ἔξελον·
1519 4183 1522 4192 ,

291 4221 424 4302 ,σόμεννς
455 4233 486 4284 et
516 4221 664 4286 similiter
687 4219 726 4286 ‘in
759 4223 891 4297 caeteris
928 4225 968 4289 ed
1000 4247 1100 4290 unum
1130 4226 1287 4294 omnibus.
1345 4223 1472 4290 Eruditi

296 4326 464 4393 Atticistae
485 4327 666 4416 saepissime
686 4327 730 4392 ita
751 4328 989 4418 loquebantur,
1013 4343 1049 4395 ut
1069 4331 1154 4422 apud
1178 4345 1296 4398 veteres
1317 4331 1471 4420 scriptum

199 4511 203 4518 ⁴
294 4434 453 4522 legerant,
479 4432 533 4497 sed
553 4434 628 4522 quia
648 4416 723 4498 nonx
736 4436 860 4501 nativus
879 4435 916 4500 iis
936 4435 989 4501 hic
1012 4459 1083 4502 usus
1104 4451 1172 4504 erat
1190 4451 1224 4503 et
1242 4439 1377 4503 maxima
1399 4459 1472 4526 pars

297 4540 413 4630 'populi
436 4538 530 4605 aliter
549 4540 672 4605 solebat
693 4541 814 4621 dicere,
832 4556 945 4608 natura
965 4542 1142 4610 doctrinam
1164 4543 1311 4610 vincebat
1329 4555 1361 4607 et
1382 4541 1472 4607 dela-
1523 4561 1525 4567 ·

296 4643 456 4712 bebamur
471 4646 648 4714 identidem
668 4649 708 4714 ad
724 4650 886 4740 vulgarem
907 4672 999 4716 mum
1015 4651 1221 4743 popularium
1239 4649 1399 4727 omnium,
1415 4648 1473 4739 qai

298 4771 363 4818 non
382 4751 477 4821 docte
494 4754 580 4821 ιιιιτόι
600 4756 653 4822 τόν
674 4755 809 4839 όρχοιῖον
823 4755 962 4838 -ιιιινόνοο,
986 4757 1040 4825 sed
1061 4759 1215 4832 licentiosis
1236 4757 1370 4824 inter-se
1392 4777 1472 4822 con·
