3767 5717
990 612 1031 674 22

413 808 499 857 arcs:
531 785 712 853 adscribam
742 784 847 852 locum
880 805 919 851 cx
943 783 1044 851 Snxro
1069 782 1216 851 llurrmco
1240 783 1310 851 obn.
1346 780 1540 849 Mortem-1.
1568 789 1598 851 5

410 915 442 982 p.
462 898 538 959 557.
567 892 769 959 Grammatici
791 891 910 969 uolent,
933 890 1058 979 inquit,
1081 895 1139 957 σοῖν
1164 889 1250 956 abab
1276 890 1320 956 σά
1343 890 1441 957 λοισά
1470 914 1600 969 κοσμου-

412 1001 511 1080 μένων
541 1002 718 1079 μκθήκοισοι
751 997 962 1080 κατατρέχειν
986 1000 1025 1071 ἀς
1048 996 1130 1077 μηδὲ,
1150 999 1205 1073 τὴν
1238 997 1335 1071 κοινὴν
1358 1002 1417 1062 σοῖν
1442 997 1599 1072 Ἑλλήνων

414 1107 572 1182 συνάθειοιν
595 1102 808 1182 ε’σιςκμὲνιον,
831 1105 884 1169 uui
914 1103 1020 1170 εῖσοιε
1043 1102 1196 1182 θλίβοιντο
1223 1100 1255 1168 Ιἕν
1279 1100 1404 1183 ζητήσει
1428 1104 1472 1181 μὴ
1497 1101 1601 1177 ἀλλην

380 1271 383 1279 ,
414 1212 562 1293 εὑρίσκειν
586 1210 741 1283 σολλάκις
770 1211 942 1292 ἀποφυγὴν
973 1210 1016 1282 εἷς
1039 1208 1074 1275 σθ
1106 1212 1260 1289 σεοισνιάν
1292 1209 1363 1282 τοὺς
1393 1206 1601 1287 σνζνισοῖνσκς

414 1320 521 1390 κύσοῖς
544 1316 561 1391 ἢ
586 1317 621 1381 σθ
652 1311 710 1379 ἀνι
742 1314 936 1397 βάρβοιρον
972 1315 988 1391 ἢ
1023 1312 1194 1381 σθλοικθν
1229 1314 1285 1383 ε’ςι
1310 1313 1349 1378 τὸ
1382 1313 1445 1377 ὑπ’
1478 1316 1601 1379 abacia

413 1422 564 1504 λεχθέν.
612 1420 671 1486 lsti
695 1416 840 1486 homiues
875 1438 971 1506 quam
1005 1418 1131 1485 duriter
1153 1426 1185 1484 et
1209 1436 1321 1504 aspere
1345 1416 1467 1483 soleant
1491 1418 1523 1482 in
1549 1418 1603 1483 ad·

414 1528 575 1594 versarios
595 1525 645 1592 rel
665 1544 759 1591 secus
778 1526 954 1593 sentientes
977 1525 1086 1591 invehi
1106 1532 1137 1591 ct
1158 1521 1350 1591 debacchari
1369 1531 1444 1589 nota
1463 1542 1516 1589 res
1536 1532 1603 1603 est,

416 1654 514 1721 quam
546 1650 757 1717 unaquaeque
789 1639 878 1697 actas
904 1629 988 1717 apud
1014 1629 1167 1717 populum
1191 1629 1371 1695 litteratum
1401 1627 1481 1693 vidit
1502 1638 1534 1695 et
1558 1630 1603 1696 vi·

415 1738 514 1805 debit.
561 1737 621 1802 list
640 1734 700 1802 hoc
719 1756 846 1823 quoque
874 1736 995 1802 eterit
1023 1754 1150 1821 semper
1176 1733 1423 1821 pervulgatum,
1454 1742 1489 1799 ut
1521 1736 1604 1803 eius·

417 1843 506 1911 modi
529 1842 707 1929 petulantia
729 1849 762 1907 et
784 1842 978 1928 protervitas
1002 1860 1078 1907 eum
1101 1840 1171 1927 pari
1195 1839 1325 1907 levitate
1353 1848 1384 1905 et
1405 1840 1534 1915 inscitia
1563 1853 1606 1919 stt

418 1951 601 2015 coniuncta.
647 1946 717 2013 Non
747 1946 814 2013 vidi
842 1946 1006 2013 hominem
1036 1946 1070 2012 in
1097 1945 1157 2011 hoc
1184 1962 1301 2031 genere
1331 1946 1539 2014 morosiorem
1572 1953 1605 2011 ct

419 2055 615 2141 asperiorem
646 2070 743 2138 quam
776 2054 969 2119 Puurnrcuus
996 2058 1067 2128 est,
1099 2050 1327 2119 acerbissimus
1355 2050 1509 2117 orationis
1533 2070 1604 2117 exa-

420 2169 509 2235 ctor,
534 2159 568 2224 iu
593 2157 740 2244 querelas
756 2156 897 2237 etiusus,
920 2156 962 2225 ad
983 2156 1238 2225 maledicendum
1259 2166 1423 2243 promtus,
1448 2175 1551 2241 neque
1571 2156 1603 2221 in

420 2263 581 2331 laudando
605 2280 760 2349 umquam
780 2281 884 2350 neque
901 2265 938 2329 in
961 2262 1223 2350 reprehendendo
1246 2261 1376 2329 modum
1399 2282 1549 2338 servans,
1573 2268 1606 2327 at

423 2370 509 2437 ilem
534 2369 739 2435 truculentus
762 2388 876 2436 censor
899 2370 1138 2455 castigatorque
1166 2368 1303 2434 aliorum
1332 2367 1437 2435 videte
1461 2368 1493 2433 in
1525 2386 1604 2453 quos

424 2493 567 2549 errores,
581 2495 678 2561 quam
690 2474 798 2543 foedos
810 2481 842 2541 et
855 2473 1038 2561 pudendos,
1049 2494 1084 2541 se
1101 2474 1267 2561 implicare
1280 2474 1390 2561 pressit.
1414 2474 1451 2540 ln
1464 2473 1605 2557 Epitomc

421 2580 583 2647 ιιοιιιῖκιιιιι
603 2591 632 2646 et
654 2581 818 2647 uerborum
841 2579 1013 2647 Atticorum
1039 2598 1111 2667 pag.
1127 2585 1203 2646 555.
1227 2580 1298 2646 Lus.
1324 2581 1369 2645 ita
1390 2579 1519 2646 scribit:
1543 2577 1604 2645 σθν

423 2689 547 2753 uuila
577 2687 640 2753 σθν
663 2688 947 2752 ἀκολουθοῦντοι
980 2689 1067 2767 μετ’
1099 2688 1232 2752 abaci:
1268 2687 1389 2760 Λυσίκς
1413 2686 1443 2751 ἕν
1465 2688 1507 2768 τῷ
1534 2683 1606 2749 κάτ’

422 2792 638 2875 Αθσοκράσους
659 2790 736 2859 οὕτω
748 2803 787 2875 τῇ
807 2790 953 2869 συνσοθξει
972 2802 1108 2875 χρῆσαι,
1132 2793 1226 2873 ἐχρῆν
1246 2793 1277 2858 δὲ
1297 2790 1390 2865 οὕτως
1407 2793 1525 2857 εἰπεῖν·
1546 2791 1607 2855 τὸν

359 2914 362 2920 ’
426 2901 710 2965 ἀκολουθοῖνσοο
733 2900 844 2979 αὐτῷ.
878 2899 921 2963 Ti
942 2897 980 2963 ἀν
998 2894 1047 2963 οὖν
1067 2898 1148 2981 Quin
1173 2898 1401 2979 combusserat
1424 2895 1609 2961 coenobita

425 3003 596 3081 ἢνοθεθειν
631 3007 735 3068 κκινοῖι
761 3004 930 3082 extuaret
957 3012 1091 3085 χρῆσινς
1125 3005 1200 3070 ἀλλ’
1232 3004 1299 3070 ἐκεῖ
1324 3002 1424 3079 ξενικὴ
1456 2998 1549 3088 (adde
1576 2998 1607 3087 ἀ)

425 3107 563 3180 σύνθεσις
582 3106 688 3182 σάντκ
711 3108 929 3188 σκρκισκτὲυ,
955 3109 1057 3191 ῥητέον
1080 3109 1111 3175 δὲ
1136 3110 1356 3177 ἀκολουθεῖν
1380 3108 1492 3189 abegi.
1539 3104 1609 3173 Nou

426 3211 492 3278 vidi
515 3213 629 3298 magis.
676 3212 776 3278 Attici
800 3221 985 3281 constanter
1008 3234 1119 3282 omues
1140 3217 1173 3281 iu
1196 3235 1233 3281 ea
1254 3234 1288 3280 ro
1310 3214 1458 3281 dicebant
1481 3215 1611 3279 ἀκολου-

427 3321 489 3385 θεῖν
508 3317 594 3397 μοτά
616 3341 696 3393 τινος
716 3327 749 3384 et
773 3317 900 3387 ἕκεσθκι
919 3320 1005 3400 perot
1028 3345 1124 3398 τινος,
1149 3340 1253 3406 neque
1273 3320 1366 3386 aliter
1390 3339 1485 3405 quam
1511 3319 1558 3385 sie
1579 3319 1612 3382 iu

430 3424 578 3510 populari
606 3444 752 3503 sermone
784 3425 891 3491 dicere
914 3428 966 3491 ius
989 3435 1037 3493 est
1060 3428 1099 3491 de
1122 3426 1254 3491 suculis
1284 3426 1445 3491 dominum
1471 3444 1549 3511 ροκο
1569 3444 1614 3487 ce·

430 3530 612 3616 questibus,
635 3529 732 3616 deque
752 3531 907 3596 militibus
924 3533 979 3618 qui
1003 3533 1091 3619 siquo
1109 3532 1197 3618 sequi
1219 3532 1373 3597 dicunntur.
1419 3532 1520 3597 Ἕσου
1542 3529 1614 3611 μετ’

426 3636 528 3715 ἐμοῦ,
562 3633 739 3716 σκιῖάριον,
773 3637 807 3701 in
839 3636 934 3702 Pluto
968 3658 1015 3702 vs.
1036 3641 1102 3704 854
1135 3658 1198 3701 uun
1231 3637 1293 3701 crit
1318 3635 1454 3701 Atticum
1482 3636 1509 3701 si
1539 3631 1612 3699 inca

428 3765 481 3821 μοι
504 3739 653 3817 dicetur,
677 3747 790 3806 contra
812 3742 844 3806 in
870 3742 981 3809 eadem
1004 3742 1111 3809 tabula
1134 3763 1179 3809 vs.
1203 3747 1254 3809 19.

565 3846 600 3922 ἀν
624 3848 669 3925 μὴ
691 3846 814 3931 Φρθσκς
837 3845 856 3913 b'
875 3874 905 3913 σι
930 3850 1001 3931 τῷδ’
1025 3848 1249 3927 ἀκολουθοῦμέν
1273 3872 1368 3926 ιιοσε,

427 3954 456 4018 si
480 3951 566 4030 μεσά
594 3952 683 4016 τοῦδε
710 3960 794 4017 esset
823 3955 1005 4039 scriptum,
1031 3955 1132 4019 risum
1158 3960 1311 4019 moveret.
1357 3952 1410 4018 Sic
1434 3954 1505 4032 μετ’
1525 3953 1615 4017 Ἀλε-

428 4054 556 4138 ξάνδρου
578 4056 754 4123 ἀκολουθεῖν
778 4056 934 4124 (licuntur
963 4058 1092 4144 copiae,
1116 4056 1309 4141 Ἀλεξάνδρῳ
1340 4059 1515 4123 ἀκολουθεῖν
1535 4056 1615 4145 {Aar-

425 4181 594 4237 suounous,
617 4160 840 4229 Gnuersruunns
852 4153 932 4229 et'si
947 4164 1020 4249 quis
1040 4163 1123 4229 alius
1143 4183 1205 4228 non
1224 4164 1382 4229 militabat
1395 4164 1617 4251 inlbnumuuru

428 4267 556 4333 castris.
603 4266 708 4332 lluius
734 4269 782 4333 rei
803 4289 904 4353 quum
936 4276 1087 4334 sexcenta
1118 4269 1263 4356 exempla
1284 4271 1367 4347 sint,
1391 4268 1468 4355 quid
1493 4275 1617 4333 moroso

427 4372 647 4439 Grammatico
675 4370 795 4449 iacias,
830 4374 886 4459 qui
914 4373 994 4439 alies
1026 4394 1078 4440 res
1101 4395 1200 4461 agens
1234 4385 1265 4441 et
1297 4375 1475 4441 dormitans
1488 4370 1618 4463 ¹§Lusum

428 4477 528 4545 stulte
548 4477 677 4563 carpit?
702 4477 869 4544 contrario
890 4497 1000 4545 errore
1023 4480 1189 4547 Loneomus
1220 4481 1259 4547 ad
1282 4482 1450 4547 Puarmcur
1475 4479 1538 4566 iil.
1564 4476 1619 4543 de·

428 4591 542 4670 ceptus
565 4583 644 4648 loeis
663 4584 826 4669 corruptis
848 4592 880 4678 et
900 4586 1094 4652 testimoniis
1117 4595 1353 4676 poetastroruur
1381 4587 1464 4651 serio
1492 4584 1620 4651 induxit

428 4690 464 4755 in
493 4689 639 4755 animum
671 4692 918 4772 σερικκολουθεῖν
946 4692 1097 4761 Graecum
1120 4715 1190 4763 esse
1216 4702 1249 4761 et
1281 4694 1474 4761 Dunosruum
1508 4692 1616 4758 obtru-
