3767 5717
986 614 1026 677 54

408 787 490 875 §50
508 784 721 869 ἐπιπαριόντες
741 794 772 853 el
791 785 944 851 Collinum
963 785 1114 853 lectiones
1137 787 1203 851 ἐπεὶ
1227 789 1385 868 παρήισαν
1409 794 1441 851 el
1458 805 1509 851 tes
1531 788 1540 852 ἰ
1563 810 1598 855 sa

408 894 547 979 (lenique
576 892 695 959 elamat
724 895 922 974 ἐπιπαρῇσαν
956 911 1067 957 uerum
1087 910 1177 957 esse.
1204 893 1373 957 tenellos
1402 892 1435 955 in
1458 892 1595 980 Ctorrpb.

407 1020 438 1085 p.
461 1004 786 1079 65,41παρῆμει
808 1005 848 1079 τῇ
864 996 993 1080 tenente
1016 999 1060 1070 εἷς
1082 998 1138 1071 ebo
1159 996 1340 1073 inuuuolno.
1387 997 1483 1063 blarru
1505 997 1597 1069 ducit

405 1105 445 1170 all
465 1126 575 1171 reram
602 1104 773 1171 lectionem
793 1102 883 1168 loeus
907 1104 963 1187 qui
996 1102 1116 1187 legitur
1145 1122 1174 1187 p.
1205 1107 1270 1181 67,
1297 1107 1359 1179 16,
1396 1106 1593 1185 παρελθὼν

405 1215 449 1285 εἰς
473 1214 529 1286 τὴν
553 1210 740 1288 tenentos,
776 1208 862 1273 unde
885 1209 1046 1293 emergit,
1080 1216 1268 1291 παρῇμεν.
1303 1206 1344 1273 cl.
1377 1228 1406 1293 p.
1436 1212 1494 1282 84,
1533 1214 1595 1289 12,

405 1316 648 1397 παρελθόντα
677 1317 721 1389 εἰς
751 1317 807 1391 τήν
837 1312 1017 1387 ἐκκλησίαι.
1075 1312 1188 1398 ltaque
1216 1312 1409 1379 Teucrmnns
1438 1325 1594 1397 προσῇσαν

405 1420 636 1504 όοπεροὶόινρτῇ
660 1420 855 1505 scripserat,
879 1417 1070 1503 magistelli,
1086 1418 1141 1503 qui
1163 1418 1361 1483 'l’nucrnmnn
1379 1417 1484 1485 multo
1504 1421 1595 1504 peius

405 1547 504 1615 quam
527 1526 623 1612 vulgo
655 1525 800 1592 ereditur
832 1523 1019 1591 mulserunt
1048 1522 1097 1611 (ut
1128 1523 1161 1587 in
1191 1521 1242 1588 hts
1271 1522 1467 1589 Lectionibus
1490 1527 1595 1609 primo

407 1650 534 1719 quoque
560 1639 704 1717 tempore
726 1629 928 1717 ostendam),
952 1630 1159 1711 προσήρχοντο
1181 1627 1445 1713 adscripserunt,
1477 1628 1594 1715 itque,

406 1738 456 1803 nti
477 1735 533 1814 bt,
554 1736 695 1822 irrepsit.
720 1736 755 1803 ln
780 1735 880 1800 altero
904 1734 973 1801 loeo
995 1734 1072 1819 quid
1091 1736 1133 1799 sit
1150 1734 1217 1815 nep}
1239 1732 1298 1807 τὰς
1317 1732 1432 1814 ἡμέρας
1452 1736 1594 1814 ταύτας,

405 1837 455 1914 αἷς
477 1843 664 1921 ε’πὴρχοιτο,
693 1841 855 1907 neminem
880 1838 945 1904 vidi
969 1840 1025 1924 qui
1050 1838 1265 1925 intelligeret,
1288 1858 1362 1905 nam
1384 1838 1468 1925 quod
1494 1841 1594 1905 inter-

405 1955 577 2033 pretantur
599 1966 669 2014 esse
690 1966 882 2022 commeare,
906 1946 1037 2011 invicem
1061 1946 1177 2024 visere,
1200 1945 1303 2021 odire,
1328 1945 1424 2011 nauci
1448 1964 1510 2011 non
1528 1954 1596 2023 est;

406 2050 550 2131 ἐπιμιξόα
573 2051 651 2117 baec
671 2060 720 2117 est
741 2060 776 2117 et
797 2050 1017 2131 όπιμόγινοόοιι
1039 2050 1179 2129 dieitur,
1206 2068 1268 2115 nott
1294 2049 1433 2129 ἐπιέναι,
1451 2055 1536 2137 quod
1555 2057 1593 2123 de

401 2157 512 2223 'bestiti
541 2155 608 2222 lere
637 2156 793 2223 invasione
827 2158 968 2242 ponitur.
1023 2157 1088 2223 but
1117 2157 1254 2223 monstri
1282 2155 1402 2241 aliquid
1440 2158 1538 2227 alitur
1561 2162 1594 2229 in

405 2283 442 2329 eo
465 2261 552 2339 loeo,
571 2268 629 2327 aut
647 2257 697 2337 αἷς
716 2263 888 2345 ἐπήρχοιτο
911 2261 1122 2349 ablegandum
1140 2281 1195 2339 eo,
1220 2258 1304 2327 unde
1316 2259 1398 2327 male
1417 2265 1528 2349 pedem
1547 2269 1592 2333 iu·

404 2368 491 2433 tulil.
540 2368 577 2432 ln
600 2368 819 2438 latomenus
843 2368 1026 2453 Tbesmopb.
1060 2372 1142 2435 504:

555 2524 563 2531 .
620 2474 657 2549 ,ό
684 2473 710 2537 δ’
734 2474 808 2555 ἀνὴρ
835 2476 1012 2555 reprimor*
1045 2472 1183 2539 ὠκυτόκι’
1206 2472 1385 2551 ὠνούμενοι,

403 2580 487 2666 legit
499 2580 675 2646 Ennsnnon
691 2580 795 2654 ratio,
815 2598 917 2664 quum
935 2588 1056 2663 περιρῑιι
1082 2576 1128 2645 vel
1142 2586 1295 2661 περιῆρρει
1307 2580 1500 2667 corrigeret,
1515 2599 1589 2667 quo-

403 2704 477 2749 rnm
501 2684 560 2750 boe
580 2686 737 2751 usitatum
759 2704 820 2749 non
844 2692 908 2761 est,
927 2670 1007 2749 ttlud
1031 2683 1216 2751 barbarum.
1253 2682 1397 2771 llepone:

610 2811 614 2819 ·
643 2791 703 2857 ὁδ’
726 2792 801 2872 ἀνὴρ
819 2792 951 2873 neptuno
973 2788 1112 2857 ὠκυτόκι’
1135 2790 1320 2867 ὠνούμενος,

402 2894 656 2981 quamlormam
680 2896 761 2963 satis
784 2894 941 2960 stabilivit
966 2901 1076 2957 noster
1097 2895 1241 2961 omnium
1268 2896 1452 2973 καόιρεμόν
1477 2896 1593 2964 111111-

401 3020 469 3065 stus
484 3000 517 3064 in
541 2998 673 3065 Miscell.
699 3000 794 3077 crit,
817 3018 836 3063 a
859 3017 924 3085 quo
942 3018 1043 3083 quum
1064 3000 1232 3077 ποτοίόειν,
1256 3000 1354 3083 ᾔδειν,
1377 3000 1457 3082 ᾔειν,
1481 3006 1592 3087 aposel-

401 3128 445 3170 ειν
467 3120 580 3172 omnes
601 3104 804 3190 aeoepimus,
827 3102 1012 3169 subirascor
1029 3102 1068 3168 iis
1090 3105 1145 3189 qni
1166 3106 1199 3169 in
1220 3104 1337 3171 Avibus
1355 3125 1402 3171 vs.
1418 3108 1521 3173 1298:

649 3209 740 3292 όρτνξ
757 3211 919 3287 ἐκαλεῖτο,
943 3209 996 3275 καὶ
1021 3210 1083 3293 γὰρ
1107 3206 1195 3291 ἧκεν
1219 3214 1345 3293 ὄρτυγι,

402 3331 600 3401 sonnoquere
637 3323 812 3401 potnerunt
842 3335 900 3402 pro
931 3317 1014 3398 been
1049 3337 1068 3381 a
1105 3316 1250 3383 lllwnsro
1289 3325 1416 3403 reperto
1458 3339 1488 3405 p.
1514 3324 1590 3387 501.

401 3418 571 3485 Praeterea
605 3420 780 3487 notandum
811 3429 860 3487 est
892 3420 1027 3487 verbum
1051 3421 1251 3503 ὑπέρχομαι,
1275 3421 1329 3487 ubi
1354 3424 1515 3511 signifieat
1538 3427 1591 3491 lo·

401 3526 522 3601 πιόειι,
552 3525 624 3606 πρόο
647 3517 742 3609 ρρόριν
778 3529 898 3607 ὁμιλεῖν
911 3577 928 3603 ,,
956 3546 994 3592 ea
1024 3525 1093 3613 lege
1125 3547 1187 3593 nott
1220 3529 1334 3594 teneri.
1389 3529 1591 3595 Athenienses

400 3633 486 3699 enim
500 3632 689 3715 ὑπέρχεσθαι
702 3632 815 3699 dieunt
826 3652 863 3698 eo
885 3651 1003 3711 sensu,
1024 3652 1086 3699 non
1100 3633 1239 3710 tinniunt,
1260 3640 1291 3698 et
1304 3635 1513 3717 ὑπερχόμενος
1527 3654 1590 3701 nott

400 3739 518 3815 onnon·
551 3738 707 3827 Exempla
741 3746 819 3805 sunt
841 3736 926 3827 aprrd
948 3740 1125 3817 Pterelan,
1150 3739 1501 3818 eonsummatos.
1548 3740 1591 3807 tt

399 3842 480 3909 nibil
513 3843 627 3911 borum
656 3845 827 3910 Amrrnnon
856 3852 916 3909 aut
951 3845 1069 3911 caeteri
1093 3844 1266 3911 Atticorum
1301 3846 1480 3914 imitatores
1503 3844 1589 3913 vite·

399 3955 487 4013 runt.
535 3947 759 4035 Opportunum
793 3947 931 4024 vitium,
956 3947 1088 4027 κότιμιν
1113 3948 1138 4015 1.
1166 3952 1219 4015 59.
1255 3955 1291 4015 7.
1328 3955 1464 4019 servavit
1488 3962 1589 4037 κοπῇ·

398 4078 474 4133 μοι,
498 4051 584 4138 quod
606 4054 709 4139 perite
732 4050 879 4116 Serninus
903 4052 1010 4127 eruit;
1044 4055 1156 4135 ἤρχετο
1181 4062 1212 4119 et
1236 4058 1430 4140 παριρχοιτο
1463 4057 1589 4123 anetori

398 4178 458 4224 suo
486 4156 708 4244 relinquenda.
831 4196 834 4203 -

443 4264 586 4351 Deeepit-
603 4264 832 4357 Austranum,
868 4271 905 4328 ut
924 4264 1102 4349 permultos
1126 4266 1205 4333 ellos
1239 4267 1342 4335 multo
1365 4265 1585 4349 antiquiores,

398 4368 493 4436 lallax
515 4368 683 4453 analogia,
711 4387 809 4454 quum
835 4387 874 4435 ex
895 4370 1014 4436 eoristo
1037 4371 1186 4451 etoleno,
1204 4371 1386 4451 ἐξειλόμην,
1407 4368 1588 4452 ducenteno

400 4486 462 4543 eet.
486 4475 589 4544 11111111
613 4476 748 4543 formam
778 4476 928 4554 ἑλοῦμαι,
951 4474 1136 4559 ἐξελοῦμοοι,
1175 4482 1359 4563 noannoeane
1381 4483 1442 4541 cel.
1475 4483 1534 4541 aul
1554 4475 1586 4542 in

399 4582 505 4647 aetina
533 4582 635 4651 torma
658 4583 797 4658 ιαόειῶ,
822 4582 943 4661 eosne,
967 4582 1061 4661 ἐξολῶ
1082 4594 1194 4651 eontra
1214 4592 1334 4649 certam
1357 4579 1539 4667 analogiam
1554 4586 1589 4653 et

400 4707 493 4753 usnm
518 4686 557 4755 de
588 4708 646 4755 suo
677 4688 849 4757 linxerunt.
882 4689 1052 4759 boerennon
1082 4692 1124 4760 ita
1159 4688 1313 4777 peccavit.
1371 4687 1394 4753 l.
1428 4690 1457 4753 6.
1488 4691 1528 4770 5,
1553 4688 1590 4759 ἐκ
