3767 5717
874 596 940 658 343

309 793 545 872 ’θντνινονιςῶν
591 789 683 856 Nihil
714 788 801 880 apud
833 800 954 856 sereres
986 789 1123 878 reperias
1155 810 1220 878 quc
1249 787 1328 856 haec
1358 792 1487 858 tuearis:

316 899 376 964 alia
408 909 455 964 est
482 898 563 962 ratio
591 895 765 976 Isocttnrts
789 895 823 959 in
851 895 973 961 Antia.
994 899 1012 980 §
1034 899 1054 960 9
1073 901 1133 960 τῶν
1155 897 1228 978 παρ’
1248 897 1323 974 ἐμοῦ
1346 895 1488 977 πρότερον

312 1003 533 1081 ἐκδεδομένων,
564 1011 596 1066 et
616 1000 703 1090 apud
726 999 868 1066 11111011.
897 1008 963 1071 τοῖς
993 1000 1080 1081 τοιρθι
1106 1005 1165 1066 τῶν
1190 1001 1300 1080 ἶοιτρῶν
1325 999 1488 1078 διδομένοις

312 1108 438 1181 σιτίοις,
466 1120 499 1172 et
528 1107 616 1184 sim„
645 1118 678 1172 et
709 1127 791 1170 uuus
818 1116 943 1171 tantum
976 1103 1067 1170 iocus
1097 1102 1177 1168 mihi
1207 1101 1291 1168 inter
1319 1102 1489 1192 legendum

315 1214 474 1292 occurrit,
496 1213 646 1301 quicum
670 1210 719 1276 his
742 1208 894 1299 componi
917 1208 1017 1299 possit
1035 1207 1069 1272 in
1090 1208 1323 1274 xaroraosrrs
1347 1208 1489 1276 oecono-

312 1323 395 1384 mico
425 1319 480 1385 IX.
512 1323 550 1384 11
581 1320 626 1397 μθ
647 1341 678 1382 τι
700 1317 795 1382 κοικδν
823 1314 912 1396 λοίβιι
939 1317 1013 1396 παρ’
1040 1317 1143 1394 ἡμῶν,
1167 1312 1254 1404 quod
1282 1326 1370 1380 tanto
1393 1337 1489 1404 opere

313 1425 466 1490 abhorret
495 1425 536 1490 ab
565 1423 670 1489 Attica
701 1422 853 1499 sanitate,
888 1432 923 1485 ut
954 1421 1094 1510 suspicer
1114 1421 1192 1488 olim
1214 1423 1269 1504 ὑφ’
1287 1423 1372 1500 ἡμῶν
1393 1421 1489 1488 fuisse

313 1531 466 1620 scriptum
496 1542 529 1596 et
554 1528 784 1618 interpolatum
817 1550 834 1592 a
866 1533 1046 1594 correctore
1074 1525 1230 1604 indocto,
1255 1538 1290 1590 ut
1311 1527 1369 1590 ἀπ’
1391 1528 1488 1592 οοῶτοῶ

310 1636 343 1700 in
373 1636 447 1702 lecu
477 1634 662 1711 Platonico,
696 1631 736 1697 ad
766 1653 835 1698 eam
868 1652 1014 1698 normam
1046 1653 1141 1720 quarn
1175 1630 1293 1696 novicii
1319 1629 1489 1720 scriptores

310 1740 545 1831 sequebantur,
570 1751 605 1804 ut
627 1738 762 1804 Saarna
780 1737 819 1804 X.
840 1761 870 1827 p.
892 1739 957 1802 482
982 1736 1086 1808 διίσοιι
1108 1738 1152 1815 μίν
1177 1735 1283 1802 οῶτίοιν
1304 1737 1398 1808 adria
1419 1734 1487 1816 ἔχοι
1547 1779 1552 1784 -

310 1846 397 1931 erupis
431 1851 490 1910 τῶν
521 1846 654 1929 ἐχθρῶν,
692 1842 749 1910 nbi
779 1841 981 1908 'Atheniensis
1013 1843 1070 1906 ὑπὸ
1108 1847 1167 1906 τῶν
1203 1843 1317 1923 ἐχθρῶν
1350 1840 1488 1908 dixisset.

314 1951 483 2018 dbsoiram
513 1951 597 2016 hanc
627 1961 751 2040 partem
773 1949 808 2014 in
827 1946 1029 2014 emendando
1048 1945 1265 2037 pulcherrimo
1285 1947 1358 2012 loco
1378 1948 1490 2014 11111·

311 2075 402 2122 1111111
429 2056 516 2146 apud
545 2055 726 2122 8101111111
757 2055 879 2120 Floret.
913 2057 999 2132 124,
1023 2055 1076 2118 36.
1096 2054 1121 2117 si
1144 2055 1171 2118 δ’
1201 2051 1265 2122 ἔςιν
1289 2051 1430 2128 οοίσθνσις
1457 2054 1488 2117 ἐν

311 2162 385 2246 ἅδον
410 2163 464 2228 xci
486 2161 656 2240 ἐτιμέλειοι
684 2159 773 2241 τοορθο
797 2165 851 2225 τοῦ
875 2159 1048 2237 δοιιμοιίοιι,
1072 2156 1173 2239 ῶστιρ
1196 2155 1487 2236 ὑπολαμβάνομεν,

312 2266 369 2342 τίη
410 2268 481 2340 τοὺς
519 2275 592 2337 τοῖς
629 2273 740 2343 σιμοῖς
779 2271 840 2329 τῶν
876 2264 949 2328 θεῶν
983 2263 1235 2340 κοιτοιλοομθνοοις
1268 2262 1487 2339 βοηθήσοντος
1574 2347 1579 2350 -

312 2373 444 2448 τλείςιμ
483 2371 667 2449 κηδεμονίας
706 2371 764 2435 dard
799 2374 853 2435 τοῦ
883 2369 1039 2448 δοοομονίοο
1070 2367 1268 2448 τνγχοίνειν,
1300 2377 1488 2456 corruptum

312 2489 361 2542 est
382 2475 440 2550 είν.
491 2473 636 2540 Eruenda
659 2473 739 2544 είκθς
764 2485 797 2538 et
821 2471 929 2537 audies
959 2473 1063 2562 ipsum
1090 2470 1265 2539 Oratorem.

358 2579 440 2646 Satis
469 2601 556 2644 nunc
583 2577 715 2667 quidem
745 2576 785 2642 de
811 2577 956 2643 Luclaru
982 2579 1124 2644 oratione
1152 2587 1184 2644 et
1207 2577 1280 2642 stilo
1303 2575 1416 2642 dixisse
1440 2574 1487 2640 vi·

312 2684 400 2762 deor,
411 2695 449 2746 ut
464 2697 631 2772 appareat,
647 2681 681 2746 in
694 2681 807 2746 veteris
825 2682 954 2771 linguae
970 2683 1091 2748 ratione
1107 2681 1345 2760 constituenda,
1362 2699 1486 2770 usuque

313 2786 499 2856 definiendo
513 2798 546 2852 et
565 2787 759 2876 proprietate
780 2785 908 2852 dicendi
930 2787 1141 2866 observanda,
1161 2788 1228 2853 eius
1244 2788 1434 2854 auctoritate
1454 2798 1487 2852 et

311 2894 376 2960 fide
399 2893 474 2959 stari
493 2914 559 2958 non
579 2913 686 2980 posse,
703 2903 734 2970 et
751 2892 785 2956 in
802 2891 870 2958 eius
890 2893 1015 2983 seriptis
1036 2893 1184 2960 omnibus
1204 2883 1346 2960 vitiosam
1368 2914 1486 2982 aequa·

312 3000 393 3066 lium
421 3000 580 3073 σονθθειον
600 2996 777 3063 cultissimo
798 3009 940 3064 veterum
963 3000 1100 3066 sermoni
1121 2999 1216 3066 nimis
1237 3022 1331 3089 saepe
1351 2998 1487 3064 misceri.

310 3100 418 3174 lt'acile
446 3116 492 3192 est
518 3103 598 3171 baec
625 3102 736 3170 multis
753 3103 897 3200 partibas
916 3127 1048 3194 augere,
1078 3127 1151 3172 nam
1172 3127 1237 3194 quo
1258 3093 1334 3194 quis
1349 3104 1488 3196 diligen-

309 3213 373 3278 tius
403 3210 584 3276 Lucrarutr
611 3231 686 3275 cum
716 3209 830 3275 atticis
858 3210 982 3278 assidua
1009 3209 1148 3277 lectione
1173 3232 1366 3300 componere
1386 3210 1487 3288 volet,

309 3341 347 3383 eo
378 3317 470 3408 plura
498 3315 676 3382 identidem
702 3314 744 3379 ab
773 3315 832 3380 itto
859 3316 1059 3406 negligenter
1084 3315 1181 3382 scribi
1203 3315 1433 3382 animadvertet
1454 3326 1488 3380 et

311 3422 580 3500 ὑποσογχεῖσθοοι,
614 3420 648 3484 in
678 3420 796 3509 quibus
820 3421 846 3485 ei
870 3422 1004 3488 τιιλοοιοί
1028 3422 1128 3511 ipsam
1155 3435 1301 3490 naturam
1326 3446 1432 3490 rerum
1454 3433 1487 3490 et

312 3525 481 3589 verborum
510 3525 655 3612 prorirne
684 3526 784 3590 secuti
804 3535 835 3590 et
857 3525 942 3590 clare
965 3538 1147 3604 cernentes,
1180 3527 1236 3597 ubi
1256 3528 1324 3595 istis
1345 3528 1399 3592 lux
1419 3539 1488 3593 erat

312 3629 427 3709 dubia,
448 3640 481 3694 et
500 3642 613 3719 suopte
633 3629 763 3718 iugenio
786 3630 974 3709 sentientes,
996 3654 1077 3720 quae
1100 3632 1152 3698 isti
1171 3631 1330 3699 laborioso
1351 3633 1488 3700 artifieio

248 3757 250 3764 ·
313 3734 507 3813 didicerant,
536 3735 696 3800 immunes
720 3748 794 3802 sunt
815 3737 929 3802 erroris
951 3749 983 3802 et
1005 3737 1080 3804 sitii.
1129 3737 1292 3827 Quidquid
1314 3739 1399 3829 apud
1423 3739 1488 3804 Ve-

239 3920 242 3923 .
312 3851 394 3906 teres
425 3839 547 3904 Atticos
575 3841 728 3930 scriptum
755 3853 819 3919 est,
848 3841 946 3906 modo
966 3841 1076 3910 absint·
1092 3843 1340 3911 describentium
1363 3857 1395 3912 et
1414 3867 1487 3910 cor-

311 3941 473 4013 rectorum
492 3968 613 4010 errores
633 3958 665 4012 et
686 3946 830 4026 fraudes,
862 3971 974 4014 sanum
994 3959 1091 4014 estet
1111 3962 1234 4016 rectum
1255 3949 1345 4018 etad
1366 3973 1488 4039 cugno-

313 4050 464 4118 scendam
489 4052 617 4142 linguae
637 4075 709 4119 vere
729 4053 869 4123 Graecae
890 4053 1154 4122 consuetudinem
1183 4067 1214 4120 et
1235 4055 1316 4122 ritae
1337 4055 1486 4146 publicae

311 4159 519 4249 privataeque
540 4182 633 4226 usum
657 4160 745 4226 utilis
763 4161 893 4228 materia
914 4173 980 4239 est,-
1000 4160 1086 4228 unde
1107 4174 1138 4227 et
1158 4161 1219 4251 ipsi
1240 4174 1326 4228 recte
1348 4162 1486 4252 cogitare

312 4277 345 4331 et
361 4277 437 4355 ¹apte
456 4263 562 4330 dicere
578 4266 612 4332 in
634 4266 719 4332 diem
740 4267 855 4332 melius
875 4267 1034 4336 discamus
1056 4279 1142 4334 recte
1163 4267 1391 4360 interpretandi
1413 4275 1491 4348 usu,¹

313 4371 404 4437 cuius
425 4394 490 4438 non
511 4383 636 4438 tanturn
657 4374 706 4457 (ut
725 4372 884 4440 scribendi
906 4376 1006 4462 recte)
1033 4397 1152 4464 sapere
1172 4386 1219 4442 est
1240 4387 1272 4440 et
1291 4373 1487 4463 principium

314 4489 346 4544 et
363 4477 449 4556 fons,
468 4477 523 4543 sed
543 4479 639 4544 etium
659 4478 782 4544 fructus
801 4492 834 4546 et
849 4476 1038 4569 praemium.
1064 4480 1120 4546 Est
1137 4479 1221 4546 enim
1240 4484 1363 4544 πολλῶν
1381 4477 1486 4557 λόγον

313 4591 495 4650 τελεοτοοῑον
517 4585 713 4664 ἕτινένννμοι
734 4609 800 4650 nun
820 4588 838 4661 ἦ
862 4592 921 4650 τῶν
943 4586 1045 4664 λόγων
1071 4587 1167 4668 κρίσις
1192 4587 1310 4664 selum,
1341 4595 1376 4650 nt
1399 4581 1486 4650 Lor-

314 4702 410 4752 slttus
436 4687 581 4768 dicebat,
614 4688 669 4756 sed
696 4690 792 4756 etiarn
821 4692 839 4765 si
874 4692 933 4755 τῶν
969 4694 1071 4758 κολῶν
1104 4690 1156 4754 κοῶ
1187 4697 1246 4756 τῶν
1272 4690 1316 4768 μδ
1343 4688 1484 4754 τοιούτων
1519 4707 1521 4710 ’
