3767 5717
876 600 938 666 321

334 804 366 860 et
390 789 661 882 quemadmodum
676 791 713 858 τδ
735 791 780 870 μή
805 796 909 864 καλῶς
937 791 1045 872 λέγειν
1073 795 1106 858 οὐ
1131 791 1222 872 μόνον
1249 794 1290 866 εἰς
1313 795 1390 860 αὐτὸ
1408 801 1502 864 τοῦτο

331 897 520 974 πλημμελὲς
542 896 632 962 ἀλλά
659 892 712 960 καὶ
742 894 836 960 κακόν
861 913 892 960 τι
918 896 1045 975 ἐμποιεῖ
1070 904 1142 970 ταῖς
1165 903 1291 978 ψυχαῖς
1316 897 1500 986 (111160111-

332 1000 410 1065 sime
440 998 587 1067 Socrates
613 1001 787 1066 moriturus
814 999 893 1073 dicit
922 1001 956 1066 in
977 1001 1158 1070 Phaedone
1184 1005 1373 1093 p.115.1t.)
1397 1007 1499 1074 sices

330 1104 468 1172 absurdo
498 1105 561 1173 huc
588 1107 717 1174 nomine
749 1105 885 1172 absurda
905 1106 995 1172 notio
1014 1107 1046 1172 in
1066 1122 1238 1197 puerorum
1259 1109 1372 1176 animis
1395 1113 1499 1177 nasci·

331 1229 400 1296 tur,
424 1228 521 1306 quam
544 1213 647 1280 adulti
664 1213 811 1303 plerique
831 1213 1041 1279 retinuerunt.
1088 1212 1271 1303 Magistellis
1291 1212 1354 1278 hoc
1374 1227 1503 1308 tempus

329 1322 511 1413 appellatur
528 1323 601 1400 μετ’
618 1320 724 1399 ὀλίγον
738 1320 883 1399 μέλλον,
904 1318 992 1410 quod
1013 1331 1174 1386 verterunt
1189 1320 1300 1386 Paulo
1307 1323 1500 1412 postfutu-

327 1451 422 1508 rum,
455 1450 558 1518 ecque
587 1425 718 1492 nomine
746 1447 920 1515 puerorum
948 1448 1038 1494 aures
1066 1437 1256 1518 personant,
1284 1439 1399 1518 estque
1420 1427 1503 1496 hacc

330 1533 444 1600 vitiosa
463 1536 642 1614 αατήχησις
663 1537 725 1596 τῶν
743 1532 958 1607 διδασκόντων.
994 1533 1131 1623 alpertus
1151 1553 1238 1600 error
1257 1545 1323 1613 est,
1345 1535 1380 1600 iu
1402 1553 1502 1623 quem

329 1639 405 1705 satis
424 1651 471 1706 est
489 1637 665 1704 intendisse
683 1635 819 1726 digitum
838 1649 871 1701 et
894 1659 932 1702 er
953 1659 1018 1730 quo
1039 1661 1103 1704 uno
1120 1637 1258 1728 intelligi
1278 1650 1382 1729 potest
1403 1659 1501 1728 quam

329 1744 486 1836 praeclari
503 1742 644 1834 magistri
658 1741 845 1808 Graecitatis
854 1742 975 1810 fuerint
985 1793 993 1823 ‚
1003 1745 1089 1811 unde
1100 1743 1179 1810 haec
1191 1745 1296 1810 omnia
1308 1743 1500 1833 accepimus.

328 1849 366 1916 111
384 1850 535 1942 perfectis
556 1847 746 1939 quibusdam
766 1848 888 1914 activae
908 1850 1030 1917 formae
1050 1850 1160 1917 eadem
1180 1851 1323 1940 analogia
1339 1848 1499 1939 conspici·

328 1967 398 2022 turc
421 1953 521 2031 ἕτηκα
542 1964 575 2019 et
594 1952 727 2027 τέθνηκα
748 1951 972 2042 producuntur
989 1956 1024 2021 in
1049 1957 1145 2035 ἑςήξω
1170 1967 1202 2020 et
1221 1956 1370 2038 τεθνήξω,
1397 1952 1499 2044 (apud

327 2062 488 2152 aequiores
507 2060 658 2140 ἐςήξομαι
678 2071 711 2124 et
727 2060 929 2140 τεθνήξομαι,
949 2062 1066 2152 quibus
1085 2061 1502 2150 1οειυίοκακοωυυιανυῑι1-

327 2190 376 2233 res
402 2167 451 2232 usi
485 2168 585 2253 sunt).
651 2163 806 2230 Similiter
833 2167 918 2255 apud
953 2167 1124 2234 chuucu
1155 2167 1335 2258 perlectum
1364 2165 1496 2245 ἄνωγον,

326 2271 459 2352 ἄνωχθι,
492 2269 590 2336 habet
619 2269 766 2334 laturum
792 2271 899 2348 ἀνώξω
932 2294 970 2337 ex
996 2295 1030 2337 se
1050 2284 1179 2352 natum,
1204 2284 1236 2338 et
1261 2273 1346 2363 apud
1374 2271 1499 2338 Atticos

327 2376 471 2457 κέκραγα
501 2373 693 2456 κεκράξομαι
721 2386 753 2439 et
779 2374 953 2454 κέκλαγγα
981 2376 1215 2456 κεκλάγξομαι.
1263 2377 1337 2442 Non
1367 2373 1498 2442 aliunde

326 2492 437 2547 natum
457 2491 504 2544 est
524 2480 613 2556 εἶξα,
636 2481 762 2544 similis
784 2501 855 2551 ero,
885 2502 981 2568 quam
1008 2503 1044 2546 er
1065 2480 1149 2544 ἔοικα
1174 2480 1317 2566 (εἰκέναι,
1342 2480 1495 2568 εἴξασιν),

325 2599 359 2654 et
387 2587 511 2665 εἵσομαι
543 2607 639 2673 quam
669 2606 707 2649 ex
724 2580 796 2649 οἶδα
817 2584 974 2671 (cilliam
998 2609 1035 2650 cx
1056 2584 1166 2650 cadem
1188 2584 1290 2649 forma
1307 2583 1497 2675 producitur

323 2693 442 2769 εἰδήσω.
467 2689 507 2755 ln
527 2688 658 2754 caeteris
679 2688 827 2754 omnibus
845 2689 1023 2779 periphrasi
1044 2689 1212 2755 utendum:
1235 2689 1280 2755 sic
1301 2689 1501 2769 γεγάμηκα,

325 2820 461 2864 uxorem
489 2792 1114 2885 Ιιυώεο,111111111111·1111)ε1γεγαμηκώς
1135 2796 1246 2874 ἔσομαι
1252 2844 1262 2874 ,
1287 2792 1341 2860 sed
1363 2793 1493 2873 ἔγημα,

323 2905 410 2970 ἀκοαί
435 2925 570 2967 uxorem
602 2900 699 2990 (quac
727 2923 814 2966 nunc
840 2913 967 2966 mortua
994 2905 1070 2986 est),
1097 2903 1200 2968 dabui
1217 2925 1371 2979 uxorem,
1391 2899 1498 2966 futuri

324 3007 476 3098 temporis
497 3005 660 3072 notionem
681 3027 746 3071 non
766 3006 917 3074 admittit.
953 3007 1066 3097 ltaque
1088 3008 1210 3090 εἰρηκώς
1231 3005 1342 3086 ἔσομαι
1362 3006 1500 3082 dicitur,

323 3116 414 3180 εἰκών
449 3110 560 3190 ἔσομαι
591 3110 764 3178 absurdum
796 3123 852 3179 est.
901 3112 996 3202 Apud
1012 3111 1204 3178 ”Lucrinum
1232 3110 1348 3200 legitur
1377 3114 1414 3190 7,
1452 3113 1494 3178 14

323 3217 434 3298 ἔσομάι
466 3217 643 3313 πεπονθώς,
675 3220 734 3296 10,
763 3220 821 3295 22,
853 3221 869 3282 1
904 3218 959 3302 ἔση
991 3218 1195 3291 πεπλευκώς,
1227 3220 1282 3296 10,
1313 3220 1376 3296 23,
1399 3222 1419 3282 3
1440 3215 1497 3300 ἔτη

321 3323 536 3398 ἀνεληλυθώς,
573 3325 634 3400 12,
671 3326 712 3388 12
742 3335 775 3387 et
804 3327 846 3388 22
874 3323 928 3406 ἴση
950 3325 1165 3396 ἀνατεθεικώς.
1188 3327 1248 3402 11,
1271 3326 1313 3389 10
1334 3323 1493 3399 νενικηκώς

322 3426 411 3497 ἔται.
444 3429 503 3504 40,
541 3428 576 3489 17
608 3424 663 3505 ἔοη
690 3428 876 3512 ὠφεληκώς,
906 3432 968 3506 70,
994 3436 1013 3494 5
1037 3428 1092 3510 ἔτη
1115 3429 1333 3510 ἀποδεδωκώς,
1361 3432 1424 3506 70,
1450 3431 1493 3496 23

323 3527 377 3611 ἴση
408 3532 598 3621 πεποιηκώς,
622 3531 679 3606 78,
705 3533 745 3594 21
775 3529 830 3612 ἔση
857 3533 1055 3607 πεπονηκώς,
1080 3543 1111 3597 et
1132 3531 1246 3597 eodem
1270 3533 1365 3600 modo
1385 3553 1495 3600 omnes

325 3633 438 3700 Graeci
457 3632 637 3721 saepissime
656 3634 853 3723 loquuntur,
877 3637 974 3701 etiarn
992 3638 1025 3700 in
1045 3637 1193 3727 passivis,
1213 3638 1287 3727 quia
1308 3660 1373 3704 non
1389 3638 1495 3705 'multa

322 3738 419 3805 verba
437 3737 556 3828 habeut
576 3761 614 3804 ex
633 3741 776 3829 perlecto
794 3742 919 3832 passivo
937 3741 1127 3832 productam
1145 3743 1245 3809 futuri
1265 3744 1410 3811 formam.
1439 3742 1495 3810 Sic

322 3844 439 3934 legitur
468 3847 531 3922 34,
566 3849 608 3910 25
629 3847 878 3926 βεβουλευμένος
906 3847 961 3932 ἔση
988 3861 1020 3914 et
1047 3851 1103 3928 12,
1128 3852 1170 3913 22
1197 3848 1251 3932 ἔση
1273 3850 1493 3929 τετονημὲνοςε

321 3949 377 4015 καί
409 3972 461 4028 μοι
497 3949 601 4028 δείξας
633 3953 712 4016 αὐτὸ
743 3954 853 4027 ε’νσελή
885 3952 942 4036 ἔση
968 3955 1024 4028 τήν
1052 3956 1235 4036 περιήγησιν
1266 3955 1496 4032 πεποιημένος,

322 4053 379 4119 nbi
399 4053 523 4119 soloeca
542 4054 639 4120 lectio
660 4068 708 4121 est
729 4057 848 4123 codicis
869 4057 913 4125 Μ.
932 4060 1152 4138 τοιησώμενος.
1201 4059 1347 4126 Pc'ccarit
1360 4059 1493 4146 'Luem-

321 4178 383 4226 ttus
410 4159 479 4250 ipse
509 4164 572 4240 20,
603 4165 646 4229 08
671 4163 704 4228 in
731 4164 831 4236 εὀικώς
864 4163 918 4247 ἔτη
946 4187 1006 4256 pro
1034 4166 1146 4243 εἴξεις,
1171 4178 1207 4232 111
1227 4165 1381 4244 diximus,
1406 4163 1491 4230 etin

321 4265 405 4338 εἰδώς
431 4264 486 4348 ἔτη
513 4265 546 4330 in
565 4269 629 4346 60,
660 4271 717 4348 13,
737 4281 773 4334 ut
798 4269 845 4334 ibi
864 4268 1016 4337 dicemus.
1063 4269 1208 4338 Subinde
1228 4273 1291 4338 iam
1311 4271 1492 4338 notavimus

321 4370 485 4438 Atticistas
518 4371 609 4437 abuti
640 4375 854 4463 perlectorum
883 4376 1014 4456 futuris,
1048 4377 1105 4442 uhi
1132 4366 1345 4468 praesentium
1375 4374 1492 4440 futuris

321 4489 404 4544 esset
432 4477 605 4551 utendum,
640 4491 674 4545 ut
699 4481 741 4545 in
769 4481 937 4559 δεδήσομαι
967 4505 1026 4572 pro
1057 4483 1241 4563 δεθήσομοοι,
1276 4481 1488 4549 δεδικώσονται

321 4603 380 4670 pro
398 4581 655 4662 δικασθήσννται,
680 4585 890 4652 aliis-multis.
921 4585 1059 4676 Tragicis
1078 4587 1142 4654 hoc
1161 4588 1210 4654 ius
1229 4601 1275 4656 est
1295 4589 1413 4665 lacere,
1433 4586 1490 4676 qui

240 4691 246 4702 '
321 4689 522 4768 μεμνήσομαι
537 4713 596 4780 pro
608 4693 824 4773 μνησθήσομαι
834 4691 1000 4760 dicebam:
1017 4693 1134 4763 Eutul’.
1145 4695 1270 4764 Medea
1282 4699 1347 4766 929
1361 4694 1489 4785 (quam-
