3767 5717
974 577 1038 642 292

418 789 544 839 summo
560 769 671 836 critico
687 780 752 835 tam
772 767 868 835 docto
886 790 983 859 quam
1000 769 1102 859 sagaci
1118 766 1261 860 lepidum
1278 782 1324 836 est
1342 769 1451 838 audire
1464 773 1591 842 Porro·

417 899 487 947 unu
506 879 553 966 (in
572 876 706 941 Praefat.
727 875 767 941 ad
790 873 982 942 Commeutt.
1002 880 1038 940 iu
1057 875 1207 944 raucio.
1218 889 1298 967 part.
1311 876 1369 944 ΙΙΙ.
1381 903 1413 970 p.
1427 879 1493 968 xi.)
1506 884 1589 950 serio

416 987 589 1052 dicentem:
639 981 811 1048 »Dolruei
831 987 868 1047 iu
894 986 984 1047 κοθέν
1009 985 1046 1046 ira
1077 981 1300 1070 Thucydidem
1320 991 1529 1052 coniecturae
1548 1000 1588 1054 ut

415 1096 454 1157 iu
482 1095 602 1156 cetua's
632 1090 777 1155 eiusdem
805 1092 948 1155 hominis
975 1089 1105 1154 eruditi
1120 1089 1333 1156 aduersariis
1348 1092 1533 1180 pleraeque
1554 1105 1588 1159 et

411 1197 664 1262 audacissime
682 1204 715 1259 et
733 1197 972 1260 inutilissimae
991 1197 1088 1260 sunl*
1108 1207 1205 1285 atque
1233 1196 1312 1282 haee
1331 1197 1372 1262 de
1393 1195 1587 1264 criticorum

412 1301 558 1393 principe
574 1301 652 1365 dicit
671 1300 797 1379 Porro,
820 1301 877 1390 qni
897 1300 1025 1366 criticus
1045 1312 1092 1366 est
1111 1303 1199 1381 talis,
1223 1303 1352 1393 qualem
1373 1303 1479 1370 dicere
1498 1305 1585 1372 nolo.

458 1407 496 1472 ln
516 1406 690 1472 lsocnirts
711 1405 967 1470 Panathenaico
987 1409 1078 1494 §¹59.
1096 1430 1155 1497 pro
1176 1411 1260 1482 ἐντὸς
1281 1411 1397 1484 “Aucus
1424 1410 1458 1474 in
1483 1412 1586 1478 omui-

412 1515 471 1578 bus
487 1511 581 1579 ¹libris
599 1524 727 1604 praeter
749 1532 846 1576 unum
873 1511 1070 1578 Urliuutem
1092 1524 1139 1578 est
1163 1514 1246 1586 ἐντὸς
1274 1515 1390 1587 “Aluos
1417 1522 1582 1594 ποταμοῦ,

411 1619 500 1710 qnod
528 1639 621 1682 nemo
649 1637 802 1705 umquam
825 1615 998 1683 revocabit.
1045 1615 1199 1682 Eiusdem
1215 1618 1346 1707 generis
1359 1619 1515 1686 emblema
1536 1631 1585 1689 est

409 1725 445 1789 in
467 1725 651 1807 Helleuicis
669 1722 725 1787 lv.
749 1740 797 1788 111.
817 1725 846 1788 8.
871 1724 940 1804 τρὶν
960 1725 991 1788 ἑν
1015 1723 1069 1810 [τῷ
1095 1721 1167 1811 θρει]
1188 1726 1229 1803 τῷ
1248 1725 1413 1808 Ναρθακίῳ
1432 1727 1585 1803 ἐγένοντο.

413 1827 551 1918 Turpius
570 1828 667 1892 etiarn
685 1828 719 1894 in
743 1827 941 1893 Tuncrntnn
960 1826 1018 1914 lll.
1041 1830 1115 1894 118.
1140 1829 1165 1892 οἱ
1189 1828 1239 1894 ἐπὶ
1262 1837 1300 1911 τή
1319 1828 1415 1912 Αίτνρ
1434 1830 1488 1916 [τῷ
1504 1829 1581 1917 ὄρει]

411 1936 558 2011 οἰκοῦσιν,
590 1929 664 2013 ὅπερ
694 1932 825 2010 μίμιςθν
843 1935 919 2001 ,ἐςιν
954 1934 1029 2014 laos·
1048 1933 1078 1996 ἐν
1106 1941 1146 2014 τῇ
1181 1933 1329 2015 Σικελία.
1367 1934 1467 2024 Saepe
1487 1933 1582 2022 ‘quod

411 2039 574 2127 eleganter
602 2048 635 2101 et
662 2053 793 2103 venuste
819 2049 851 2102 et
870 2039 1020 2120 εὐφήμως
1041 2049 1107 2102 erat
1130 2035 1268 2115 dictum,
1288 2037 1344 2104 isti
1362 2062 1488 2130 prorsus
1509 2061 1585 2106 eor·

411 2154 565 2232 rumpunt
592 2140 626 2205 id
654 2142 759 2231 ipsum
787 2141 938 2207 addentes
964 2141 1051 2232 quod
1072 2142 1208 2232 scriptor
1229 2142 1385 2209 maluerat
1406 2145 1583 2234 significare

411 2273 510 2340 qnam
537 2246 653 2313 dicere.
697 2249 738 2314 ln
766 2248 946 2314 boculares
974 2249 1137 2314 Antidosi
1158 2251 1176 2334 §
1196 2252 1271 2316 288.
1299 2263 1429 2316 venuste
1458 2251 1581 2317 dietum

412 2369 479 2423 erat
499 2351 565 2426 τοῖς
587 2354 744 2433 λυομένοις
767 2353 861 2420 cissos
882 2355 935 2418 uui
957 2353 1125 2434 τριήκοντα
1142 2359 1224 2431 μνῶν
1246 2354 1305 2426 ται
1326 2357 1580 2433 μελλοθταακαὶ

410 2463 463 2527 τὸν
487 2459 586 2525 ἄλλον
603 2456 683 2525 οἶκον
705 2461 954 2551 συναναιρήοειν,
979 2459 1189 2550 perdiderunt
1209 2458 1328 2537 omnia,
1353 2462 1410 2550 qui
1427 2471 1491 2535 τοῖς
1510 2479 1583 2528 λυο-

411 2561 512 2644 uirum
525 2564 595 2648 ⁴mis
619 2563 744 2645 ἑταίρας
766 2563 964 2631 invexerunt.
1004 2563 1166 2631 :Similiter
1185 2564 1217 2630 in
1238 2565 1452 2655 Panegyrico
1473 2573 1491 2656 §
1510 2571 1586 2638 138.

410 2667 487 2734 ὅταν
515 2670 559 2734 τα
587 2669 841 2750 τῶνβαρβάρων
869 2681 996 2753 κατατή
1018 2672 1071 2737 καὶ
1097 2671 1147 2736 tut
1176 2675 1253 2752 uiris
1283 2671 1414 2749 γένηται
1437 2676 1583 2754 γνώμης,

411 2780 502 2856 ἡμεῖς
532 2777 564 2840 δὲ
597 2776 670 2856 πρὸς
701 2777 862 2851 ἀλλήλους
887 2773 993 2857 ’ὥσπερ
1014 2781 1073 2866 νῦν
1106 2781 1282 2855 πολεμικῶς
1313 2776 1454 2858 ἔχωμεν,
1488 2781 1583 2869 periit

411 2883 503 2972 lepor
521 2881 590 2964 loci
606 2903 643 2944 er
664 2902 729 2970 quo
747 2880 851 2944 aliena
871 2903 984 2946 manus
1008 2885 1183 2960 πολεμικῶς
1210 2881 1350 2948 inseruit.
1401 2883 1583 2952 Ausculum

411 2993 448 3053 ι’νι
470 2987 681 3053 Timarchum
703 2988 720 3070 §
745 2988 818 3052 182.
843 2988 992 3067 εὐφήμως
1013 2984 1145 3052 dixerat:
1171 2985 1245 3066 οὶνήρ
1266 2983 1310 3058 είς
1332 2987 1416 3075 (lege
1435 2987 1496 3076 τις)
1523 2996 1583 3056 τῶν

411 3099 545 3158 πολιτῶν
570 3093 659 3172 εὑρὼν
684 3092 740 3165 τήν
768 3091 879 3154 ἑαυτοῦ
909 3090 1069 3170 θυγατέρα
1092 3091 1147 3164 τήν
1178 3089 1301 3164 ἡλικίαν
1329 3095 1360 3156 οὐ
1384 3099 1488 3168 καλῶς
1516 3095 1582 3160 δια-

410 3197 607 3280 φυλάξασαν
631 3195 727 3276 μέχρι
755 3194 877 3273 ualuas,
911 3195 1019 3260 nescio
1048 3195 1119 3284 quis
1140 3195 1276 3285 pessime
1301 3177 1520 3288 interpolavit,
1548 3212 1583 3264 ut

411 3300 508 3366 hodie
527 3300 652 3389 legatur
669 3297 828 3380 θυγατέρα
850 3300 1076 3382 διεφθαρμένην
1103 3301 1155 3364 καὶ
1181 3303 1236 3374 τήν
1260 3302 1394 3377 ἡλικίαν.
1427 3302 1582 3369 Iniuriam

410 3407 568 3496 insignem
588 3407 709 3474 scribae
733 3404 895 3472 Gtcrnorrr
915 3406 1060 3472 fecerunt
1081 3405 1247 3476 actionel.
1269 3410 1307 3472 iu
1327 3409 1486 3486 Verrem,
1509 3429 1581 3498 cap.

412 3513 467 3578 xi.
486 3520 505 3601 ᾗ
525 3515 576 3579 33.
609 3513 707 3581 Nunc
735 3516 891 3600 quomum
912 3534 1073 3602 pugnare
1095 3519 1213 3578 contra
1241 3535 1291 3578 me
1316 3517 1503 3579 instituisti
1519 3539 1584 3581 nou

411 3629 481 3686 tam
509 3641 552 3686 ex
577 3629 637 3684 luc
665 3626 793 3683 uuluam
818 3642 918 3707 quom
939 3641 982 3684 ex
1000 3621 1103 3687 istius
1124 3627 1268 3708 tempore
1286 3629 1318 3686 el
1342 3645 1445 3686 causa
1474 3620 1581 3708 [mali-

412 3727 525 3815 tiose]‚
549 3746 681 3790 uecesse
698 3731 751 3787 est
769 3723 965 3790 istiusmodi
977 3728 1110 3792 rationi
1121 3711 1396 3812 ula'quo'cousilio
1406 3729 1582 3806 obsistere,

410 3855 476 3897 non
498 3843 545 3910 est
561 3827 794 3916 hoc'scriptmn
812 3849 848 3891 er
866 3825 1027 3893 Ciceronis
1046 3839 1158 3894 natura
1179 3841 1211 3894 et
1228 3830 1370 3920 ingenio,
1390 3832 1447 3921 qui
1467 3832 1581 3898 omisso

409 3937 585 4003 maledicto
601 3936 770 3999 malitiose
789 3932 876 3998 idem
896 3933 990 4013 dixit,
1012 3947 1047 4000 ut
1063 3957 1096 4000 se
1118 3934 1271 4006 decebat..
1296 3938 1424 4004 Dixerat
1447 3939 1583 4005 Issens-

413 4061 471 4107 τευ
498 4043 532 4106 in
560 4038 724 4108 Aulidosi
743 4040 761 4122 §
782 4041 838 4107 71.
871 4042 1075 4121 rapacissimi
1100 4049 1253 4108 Νικοκλεῖ
1274 4045 1318 4121 μή
1338 4045 1483 4128 ῥᾳθυμεῖν
1511 4045 1584 4124 μηδ’

410 4146 511 4227 ὥσπερ
536 4144 697 4226 ἱερωσύνην
719 4142 877 4224 εἰληφότα
898 4144 954 4217 τήν
977 4144 1149 4222 βασιλείαν
1165 4143 1242 4212 οὕτω
1264 4148 1319 4222 τήν
1337 4151 1463 4228 γνιθμκν
1482 4147 1585 4230 ἔχειν,

408 4252 445 4316 in
473 4249 620 4316 omnibns
649 4245 896 4336 conspuerer
917 4269 1017 4314 unum
1038 4250 1194 4340 optimum
1216 4253 1342 4331 ήμελῶς
1362 4255 1488 4344 irrepsit
1507 4264 1580 4344 post

409 4356 590 4436 βασιλείαν.
640 4353 677 4418 ln
708 4352 858 4420 Lucrino
885 4354 982 4445 plane
1011 4354 1122 4422 eadem
1151 4357 1355 4448 interpolatio
1382 4358 1581 4448 deprehensa

409 4463 488 4528 olim
509 4461 532 4525 a'
545 4483 598 4525 me
619 4470 666 4524 est
689 4459 722 4524 in
740 4460 908 4526 Parasito
930 4463 988 4538 48,
1010 4463 1062 4527 52.
1086 4461 1099 4524 ὃ
1120 4447 1406 4542 ταρασιτοςοθτως
1422 4462 1491 4546 ἔχει
1507 4466 1581 4545 πρὸς

409 4567 552 4649 sipylum
574 4569 613 4640 ὡς
635 4568 697 4632 οὐκ.
712 4563 821 4639 οίντις
846 4566 914 4632 οὐδὲ
937 4566 1010 4646 πρὸς
1032 4566 1091 4638 τὰς
1115 4567 1146 4632 ἐν
1168 4569 1596 4650 τοῖςαίνιαλοῖςφκφῖδας.

409 4669 668 4762 (νῖμελιῖς)·ἔχοι.
702 4671 990 4762 ρίιιιοείιιθὶοιιίιο
1018 4672 1074 4740 ubi
1103 4673 1295 4762 praemisero
1320 4671 1427 4755 locos,
1457 4674 1576 4766 quibus
