3767 5717
967 579 1032 652 398

414 778 462 844 nis
493 796 551 840 usu
578 771 712 840 solidum
736 770 824 838 illam
849 782 881 838 et
901 782 1022 838 certam
1042 768 1156 836 harum
1176 789 1283 839 rerum
1307 769 1472 837 scientiam
1492 774 1605 840 colli-

415 892 492 972 gant
518 892 549 946 et
579 877 776 946 observando
803 879 837 944 in
867 877 953 943 diem
979 889 1116 968 augeant
1140 889 1174 944 et
1199 877 1407 957 confirment,
1434 879 1502 947 sine
1522 904 1601 970 qua

416 1009 510 1054 nemo
530 985 694 1075 discipulis
716 984 893 1076 quidquam
917 983 1068 1076 prodesse
1088 973 1202 1077 potest.
1251 983 1349 1050 Vetus
1375 997 1423 1051 est
1449 985 1601 1052 Graeco-

415 1116 486 1160 rum
504 1091 725 1184 prorerbium:
1076 1101 1080 1110 '

651 1193 751 1275 ὀλίγοι
773 1195 913 1274 μαθηταὶ
938 1195 1109 1278 κρείσσονες
1133 1193 1343 1273 ildericellus,

417 1312 450 1368 et
477 1299 571 1366 nimis
598 1297 694 1365 multi
723 1299 762 1366 ad
795 1298 985 1366 Academica
1014 1299 1119 1366 studia
1144 1312 1207 1367 tam
1228 1300 1365 1390 impares
1388 1311 1421 1366 et
1442 1298 1601 1390 imparati

419 1405 595 1488 accedunt,
629 1407 781 1495 quoniam
814 1405 1046 1472 Grammaticae
1075 1405 1150 1472 artis
1180 1407 1271 1471 etin
1298 1405 1348 1470 his
1372 1403 1538 1496 prosodiae
1560 1416 1599 1470 et

417 1511 569 1600 metricae
593 1511 696 1600 prime
719 1511 896 1590 elementa,
926 1511 1044 1601 quibus
1063 1510 1138 1576 solis
1158 1532 1231 1575 vera
1251 1509 1397 1576 doctrino
1418 1509 1601 1598 superstrui

417 1627 540 1706 potest,
571 1612 638 1681 non
667 1616 814 1706 diligenti
838 1637 912 1682 cura
935 1627 968 1681 et
993 1613 1150 1681 indefessa
1175 1612 1331 1680 industria
1355 1613 1455 1681 veluti
1474 1614 1599 1680 firmis·

420 1722 500 1787 sima
528 1721 735 1789 fundamenta
766 1722 848 1786 iacta
879 1734 968 1800 sunt,
992 1719 1046 1786 sed
1070 1720 1269 1809 negligenter
1294 1731 1327 1785 et
1350 1719 1525 1785 desultorie
1553 1720 1600 1784 ab

365 1860 371 1866 ·
419 1825 513 1890 initio
534 1839 673 1905 ostenta,
697 1826 813 1892 deinde
833 1827 1027 1905 intermissa,
1047 1826 1175 1890 tandem
1192 1825 1288 1914 plane
1304 1825 1474 1902 derelicta,
1495 1837 1531 1889 ut
1546 1825 1604 1890 nd

418 1933 562 2011 altiora,
585 1944 622 1997 ut
643 1932 751 2013 aiunt,
777 1931 931 1998 evoletur.
980 1931 1066 1996 llinc
1084 1931 1117 1996 in
1137 1931 1309 2022 plerosque
1330 1929 1480 1994 convenit
1495 1928 1601 2020 Spar·

421 2031 569 2102 rariorum
590 2037 712 2104 dictum
733 2037 817 2128 apud
840 2037 1052 2106 Httttotrotutt
1074 2036 1147 2124 (lli.
1171 2040 1235 2125 46.)
1260 2037 1302 2101 σοὶ
1325 2037 1512 2115 niverniso
1540 2049 1600 2100 λε·

417 2141 538 2222 χθένσοι
562 2142 804 2226 ε’νιιιιελνθένσιι,ι
821 2142 863 2206 σοὶ
882 2143 912 2206 δὲ
933 2140 1093 2224 desposcit
1111 2142 1257 2206 συνιέναι.
1300 2141 1374 2206 Non
1395 2139 1492 2205 semel
1514 2139 1599 2218 ridi,

419 2245 477 2336 qui
505 2267 538 2309 se
567 2243 763 2334 Sophocleas
791 2245 969 2335 tragoedias
996 2245 1177 2334 complures
1206 2243 1364 2309 lectitasse
1392 2243 1531 2309 dicerent
1557 2255 1595 2310 et

418 2350 523 2440 rogati
550 2372 647 2438 quem
669 2349 844 2438 genitivum
867 2371 984 2416 nornen
1008 2355 1174 2431 Σοφοκλῆς
1195 2347 1328 2413 haberet
1348 2362 1403 2414 aut
1427 2352 1594 2429 Σοφοκλοῦ

419 2467 474 2520 eut
495 2454 598 2522 simile
623 2455 701 2546 quid
723 2453 961 2544 responderent.
1004 2453 1019 2518 l
1042 2474 1129 2518 nunc
1149 2463 1181 2518 et
1201 2453 1277 2518 istos
1297 2452 1336 2518 de
1356 2452 1505 2518 cathedra
1527 2453 1596 2520 lin·
1664 2464 1667 2468 “

417 2583 513 2651 guam
533 2570 566 2624 et
584 2557 705 2623 litteras
723 2557 915 2624 Graecorum
932 2556 1023 2622 doce.
1056 2555 1302 2644 Interrogareris
1324 2556 1452 2625 eosdem
1474 2557 1530 2646 qui
1544 2557 1597 2622 la·

293 2703 304 2726 .
418 2677 507 2730 ctum
536 2663 593 2741 sit,
618 2673 654 2726 ut
674 2662 731 2728 illa
755 2664 861 2728 omnia
882 2663 1026 2728 nesciant
1046 2660 1163 2752 quibus
1183 2660 1377 2726 litterarum
1398 2683 1470 2727 vera
1490 2661 1597 2728 studia

418 2769 580 2847 nitantur,
603 2767 817 2857 respondent:
841 2789 1019 2858 numquam
1048 2788 1081 2832 se
1109 2763 1189 2830 haec
1216 2765 1387 2845 audivisse,
1407 2779 1462 2831 aut
1484 2766 1596 2834 doctos

419 2886 452 2940 et
473 2873 653 2940 admonitos
679 2895 745 2938 esse
768 2873 801 2938 in
832 2872 881 2939 his
912 2895 979 2938 esse
1000 2883 1065 2938 tam
1085 2871 1299 2936 necessarium
1318 2870 1483 2938 doctrinae
1501 2896 1595 2962 prae·

420 2979 548 3045 sidium.
598 2978 796 3044 docentuum
823 3000 957 3069 quoque
983 2977 1139 3042 rationem
1163 2986 1196 3042 et
1211 2998 1312 3057 'usum
1342 2999 1407 3043 non
1429 2977 1593 3046 didicisse:

420 3107 538 3175 nempe
558 3084 745 3176 magistrum
764 3083 806 3148 'de
829 3083 878 3148 lris
899 3096 955 3148 aut
975 3083 1108 3151 verbum
1129 3104 1195 3148 non
1215 3080 1327 3148 fecisse
1347 3105 1517 3175 umquam,
1540 3098 1593 3150 aut

421 3212 491 3254 eam
521 3212 588 3254 rem
620 3188 768 3252 inutilem
796 3211 862 3254 esse
882 3199 914 3253 et
934 3185 1201 3252 contemnendam
1223 3186 1356 3266 dixisse,
1386 3189 1506 3280 quippe
1528 3212 1592 3256 non

420 3315 488 3359 esse
515 3292 609 3358 nobis
637 3291 757 3358 Graece
777 3293 989 3383 loquendum,
1022 3293 1096 3358 satis
1122 3313 1189 3356 esse
1213 3291 1239 3356 si
1265 3292 1432 3382 scriptores
1460 3293 1594 3360 Graecos

420 3420 532 3463 omnes
559 3398 795 3487 a'ntellz'gamas.
850 3399 892 3464 Et
921 3410 968 3479 est
995 3395 1028 3462 id
1060 3393 1169 3462 hercle
1202 3396 1295 3474 satis,
1330 3398 1385 3465 sed
1415 3422 1525 3485 nemo,
1558 3412 1593 3465 ut
1629 3463 1640 3485 „

423 3504 556 3594 opinor,
587 3501 649 3568 hoc
671 3514 872 3597 assequetur,
901 3504 958 3594 qui
986 3503 1106 3594 optima
1134 3501 1335 3592 intelligendi
1360 3505 1515 3594 praesidia
1537 3528 1592 3572 ne-

420 3609 555 3700 glexerit
582 3620 636 3673 ant
657 3609 818 3698 spreverit.
867 3607 988 3673 Vereor
1012 3620 1119 3674 autem
1141 3629 1182 3671 ne
1202 3607 1299 3672 multi
1317 3609 1380 3673 sint
1400 3611 1510 3676 aetatis
1531 3611 1591 3675 iam

421 3711 630 3803 provectioris
658 3734 754 3800 quam
784 3723 820 3777 ut
851 3735 868 3776 a
895 3735 948 3780 me
966 3712 1153 3802 quidquam
1183 3713 1285 3802 pravi*
1302 3713 1519 3781 dedoceantur
1546 3716 1593 3784 rel

372 3841 377 3846 ·
422 3817 503 3882 recti
532 3817 707 3906 quidquam
742 3815 918 3885 addiscant.
973 3816 1037 3881 Vos
1065 3827 1191 3895 autem,
1220 3817 1492 3899 Anotnsnnrrrrrs,
1517 3839 1593 3910 qnos

425 3921 509 3986 solos
538 3921 656 3986 tutelae
686 3943 777 3986 meae
805 3921 897 4000 duri,
921 3944 977 3989 ros
999 3943 1087 3986 nunc
1106 3921 1263 4011 alloquor.
1312 3921 1346 3987 Si
1367 3925 1438 4014 quis
1459 3936 1591 3991 restrum

425 4025 465 4091 ad
487 4036 664 4090 accuratam
686 4026 878 4092 Graecarum
897 4026 1076 4092 litterarum
1095 4026 1259 4092 scientiam
1283 4029 1417 4118 aspirat,
1435 4031 1466 4096 is
1479 4030 1592 4119 proba·

425 4129 524 4196 bilem
557 4129 617 4196 sibi
643 4143 833 4196 accentuum
859 4131 1008 4196 notitiam
1039 4154 1134 4220 quam
1162 4133 1349 4200 maturrime
1374 4147 1536 4225 comperet
1560 4136 1591 4201 in

424 4235 656 4326 propositoque
675 4248 809 4326 perstet,
826 4259 1007 4302 scurrarum
1023 4236 1191 4302 dicacitate
1206 4249 1239 4302 et
1258 4239 1432 4306 stultorum
1451 4240 1591 4306 irrisione

424 4341 586 4423 immotus.
631 4341 721 4408 Il'am
742 4345 818 4406 risu
837 4347 949 4434 a‘nepto
968 4365 1025 4408 res
1045 4347 1191 4433 ineptior
1208 4346 1302 4408 nulla
1323 4355 1383 4413 est.
1432 4345 1493 4428 Qui
1513 4344 1588 4410 hano

427 4444 607 4530 doctrinam
637 4446 738 4512 nescit
768 4446 843 4514 dum
871 4447 1084 4536 ignorantiam
1102 4469 1199 4520 ,suam
1223 4448 1342 4516 latetur
1361 4450 1504 4520 inscitiae
1526 4462 1590 4516 tau·

426 4564 497 4616 tum
516 4574 603 4634 reus3
627 4552 776 4642 quivero
796 4550 919 4618 nescire
937 4574 1002 4618 non
1023 4562 1192 4618 contentus
1210 4552 1409 4644 ignorantiae
1427 4579 1502 4625 suae
1517 4577 1590 4624 coa·

427 4669 562 4728 temtum
583 4656 737 4754 praeterit
756 4655 883 4726 maioris
907 4656 1022 4749 culpae
1041 4654 1149 4727 'affinis
1172 4669 1230 4729 est.
