3767 5717
841 609 907 674 377

158 791 178 842 ¹3·
284 798 397 884 Φθλονς
422 795 490 868 θτι
512 799 551 865 θον
576 798 703 876 δύνιρται
732 799 959 890 [exsufflant
985 795 1135 876 ntes.
1169 799 1202 862 ού
1224 795 1268 862 τά
1294 795 1458 870 μέλλοντα

164 902 178 936 ²
283 905 406 971 ἔσεσθαι
429 904 587 984 βούλομαι
608 904 732 983 λέγειν,
763 905 806 970 τά
832 902 1017 986 πραχθέντα
1043 903 1101 969 ύπδ
1123 899 1239 966 τούτων
1262 901 1296 966 ού
1322 901 1466 981 δυνάμτ·,

158 1004 176 1040 ””’
282 1032 329 1081 νος
367 1009 514 1097 [εἰπεῖν],
549 1020 605 1074 out
631 1008 734 1074 XVII.
762 1014 789 1075 1.
823 1008 945 1074 δέδοικα
965 1008 1010 1086 μθρ
1036 1006 1089 1071 καὶ
1120 1005 1189 1086 περὶ
1218 999 1256 1068 ὦν
1280 1005 1457 1086 άναγκαῖθν

161 1107 176 1149 ²
280 1113 335 1192 μοθ
362 1115 407 1182 ε’ςι
443 1113 577 1202 [λέγειν]
611 1113 763 1186 άδύνατος
796 1109 818 1178 ὦ
850 1112 893 1178 τά
924 1112 1034 1178 δέοντα
1064 1111 1175 1176 εἰπεῖν.
1223 1106 1262 1174 In
1284 1121 1363 1176 orat.
1382 1110 1455 1179 XII.

156 1217 167 1278 Ti
283 1220 301 1303 §
320 1221 375 1286 22.
398 1216 518 1293 ἥκουσιν
544 1218 812 1298 άπολογκσθμενοι
841 1217 908 1307 [καῖ
933 1215 1094 1303 λέγουσιν]
1119 1216 1158 1287 ὥς
1180 1214 1264 1280 οὐδὲν
1285 1216 1380 1280 κακὸν
1398 1218 1458 1296 εἱρ-

155 1321 172 1388 ².²
281 1323 434 1402 γασμύνοι
465 1324 552 1391 εἰσίν.
586 1323 735 1416 putidum
769 1325 939 1392 emblema.
973 1324 1195 1399 ἀπολογοῦμαι
1224 1319 1403 1408 significare
1424 1323 1456 1386 ἕν

278 1437 318 1510 τῇ
342 1429 503 1514 άπολογθρο
527 1431 613 1510 λέγοι
644 1431 694 1498 vel
720 1432 973 1510 ἀπολογούμενος
999 1427 1085 1507 λε’γοι
1119 1425 1191 1516 quis
1219 1426 1344 1492 nescit?
1378 1427 1456 1495 ibid.
1565 1433 1569 1439 '

279 1535 376 1618 §db
407 1535 494 1617 παρά
519 1541 573 1601 τού
602 1536 706 1625 [ποτὲ]
738 1535 791 1601 καῖ
818 1536 958 1617 λήψεσθε
983 1534 1089 1608 δίκκνς
1123 1554 1195 1597 non
1217 1532 1457 1622 coniunguntur

279 1638 479 1715 ποτθεῑκαθ,
497 1641 652 1708 alterutro
667 1651 812 1708 utuntur.
838 1640 961 1706 Vitiose
978 1635 1121 1704 abundat
1140 1636 1293 1705 articulus
1312 1637 1385 1704 XII.
1402 1645 1457 1706 53.

278 1744 347 1826 περὶ
376 1747 463 1835 [τῶν]
487 1749 670 1828 διαλλαγῶν
692 1750 718 1813 oi
742 1747 832 1826 λύγοι
854 1747 1033 1826 ἐγίγνοντο,
1054 1756 1087 1810 et
1107 1743 1198 1811 XIII.
1223 1753 1253 1811 5.
1276 1743 1363 1821 λόγοι
1387 1745 1455 1827 περὶ

281 1848 367 1938 [τάς]
399 1854 515 1936 εῐρθνκς
546 1853 717 1931 ἐγίγνοντο.
766 1851 805 1918 In
837 1862 915 1918 orat.
945 1849 1035 1917 XIII.
1061 1853 1115 1916 62.
1144 1851 1170 1916 ον’
1192 1851 1454 1931 στρατηγήσαντες

278 1956 351 2032 ὑμῖν
386 1958 542 2030 πολλάκις
571 1958 665 2041 μείζω
692 1959 748 2033 τῖον
773 1957 864 2024 πθλιν
892 1965 957 2029 τοῖς
988 1953 1219 2036 διαδεχομένοις
1250 1954 1450 2045 [τρατκγοῖς]

277 2058 493 2139 παρεδίδοσαν.
526 2061 709 2152 ¹Significat
728 2069 792 2135 τοῖς
817 2061 1066 2144 διαδεχομένοις,
1079 2111 1083 2117 .
1096 2062 1344 2128 successorebus
1361 2063 1454 2133 suis.

275 2162 386 2255 Inepte
415 2165 514 2256 igitur
540 2177 710 2249 ςροοτκγοῖς
733 2165 886 2234 abundat.
932 2165 1005 2232 Ibid
1028 2168 1046 2251 §
1067 2168 1122 2232 90.
1147 2166 1256 2232 οὐδένα
1284 2165 1348 2246 γάρ
1369 2162 1454 2245 ύρκον

276 2269 303 2333 οῖ
337 2270 369 2333 ἐν
398 2279 541 2352 Πειραιεῖ
574 2272 622 2360 [ἢ]
655 2279 719 2343 τοῖς
749 2273 779 2336 ἕν
808 2271 879 2341 άςει
905 2271 1048 2350 ὤμοσαν,
1085 2271 1200 2337 rocula
1229 2271 1246 2347 ἥ
1277 2271 1454 2361 corrumpit

276 2374 478 2441 sententiam.
525 2375 564 2440 In
593 2389 670 2441 orat.
699 2374 785 2440 XVI.
812 2381 843 2442 2.
876 2375 905 2440 εθ
927 2399 976 2447 τις
1000 2374 1073 2456 πρθς
1102 2400 1144 2452 με
1167 2374 1326 2455 τυγχάνει
1352 2378 1453 2452 άιρδῶς

279 2475 313 2562 [ἢ
337 2478 454 2565 κακῶς]
482 2479 673 2557 διακείμενος
704 2478 919 2544 urbanitatem
947 2478 1086 2547 Atticam
1112 2478 1205 2544 scioli
1232 2479 1453 2546 obscurarunt.

279 2579 372 2664 Quod
389 2582 491 2672 polite
512 2582 633 2648 dixerat
654 2582 771 2648 Lusus
790 2577 909 2650 XVIII.
932 2588 963 2649 5.
986 2582 1016 2647 ἔν
1041 2583 1168 2664 τοιούτῳ
1190 2585 1301 2664 καιρῷ,
1328 2578 1400 2666 ε’νῷ
1426 2587 1452 2652 οῖ

274 2692 398 2755 πλεῖςοι
422 2692 482 2752 τῶν
506 2688 667 2768 άνθριθπαν
693 2687 746 2752 καὶ
769 2687 1035 2766 μεταβάλλονται
1064 2686 1137 2766 πρὸς
1163 2685 1206 2750 τά
1229 2688 1373 2767 παρθντα
1397 2689 1451 2754 καῖ

275 2799 348 2864 ταῖς
376 2791 493 2872 τύχαις
516 2791 630 2858 εἴκουσι
655 2791 769 2858 misere
793 2791 978 2882 depravavit
998 2790 1055 2880 qui
1074 2789 1240 2881 adscripsit
1264 2791 1451 2878 [δνςνχοῦα

272 2919 324 2968 τος
348 2901 403 2962 τοῦ
429 2896 553 2984 tribou}
600 2897 765 2987 Frigidum
794 2897 1115 2987 interpretamentum
1146 2895 1273 2986 irrepsit
1300 2897 1370 2966 XX.
1400 2901 1449 2966 tt.

272 3001 350 3066 ἀλλ’
379 3002 473 3066 αὐτὸν
501 3001 677 3086 ἠνάγκαζον
706 3003 861 3081 ἐπιβολάς
887 3002 1118 3082 ἐπιβάλλοντες
1146 3001 1214 3089 [καὶ
1241 3004 1450 3093 ζιρμιούντες].

273 3104 311 3171 In
336 3105 446 3196 paucis
477 3106 680 3174 manifestum
713 3109 873 3176 emblema
902 3119 1032 3174 tenetur
1060 3106 1146 3172 XXI.
1175 3110 1226 3172 19.
1257 3108 1310 3172 διά
1338 3108 1448 3183 τέλους

275 3212 341 3300 [τὸν
365 3210 497 3278 ἅπαντα
520 3199 663 3299 χρθνονῙ,
692 3225 726 3278 'et
745 3201 846 3281 XXII.
868 3216 896 3278 2.
926 3215 965 3284 ὥς
990 3211 1133 3293 άκρθτοος
1160 3213 1274 3283 αύτούς
1296 3212 1358 3293 χρὴ
1382 3220 1448 3286 τοῖς

269 3313 379 3380 ἕνδεκα
402 3317 593 3397 παραδοῦναι
623 3318 763 3414 [θανάτῳ
787 3317 956 3404 ζημιῶσαι]
990 3317 1125 3382 Iudices
1150 3315 1302 3383 dicuntur
1321 3316 1446 3400 θανάτῳ

175 3497 182 3510 ⁴
271 3419 442 3500 ζημιῶσαι,
468 3442 540 3485 non
565 3420 802 3487 Undecr'mvs'ri.
850 3421 889 3486 In
911 3433 988 3486 orat
1010 3420 1127 3488 XXVI.
1148 3425 1178 3488 9.
1206 3423 1303 3510 [περὶ]
1333 3427 1393 3488 τάν
1415 3425 1446 3488 ἐν

270 3523 445 3606 θλιγαρχθα
475 3523 635 3604 άρξάνταν
660 3524 769 3600 ἕνεκα,
801 3527 873 3617 quis
892 3525 997 3592 credit
1016 3525 1087 3607 περθ
1101 3528 1222 3594 'serrari
1243 3528 1359 3617 posse?
1406 3527 1446 3594 In

271 3637 348 3692 orot.
369 3626 518 3694 XXVIII.
542 3630 594 3696 17.
627 3629 699 3708 άμα
729 3639 793 3703 τοῖς
824 3633 929 3713 φίλοις
956 3631 1124 3699 άποδούναι
1151 3631 1248 3713 χάριν
1273 3633 1327 3698 καὶ
1357 3633 1447 3714 παρά

223 3757 228 3763 ’
271 3735 330 3798 τῶν
351 3733 534 3800 ἀδικούντων
562 3735 645 3823 [τὴν]
671 3736 755 3810 δι’κιρν
779 3738 914 3816 λαβεῖν,
940 3749 1006 3804 tam
1027 3736 1177 3807 uitiosum
1195 3750 1244 3805 est
1261 3740 1317 3813 τῖον
1341 3737 1445 3817 δι’κιρν,

268 3859 305 3904 ac
324 3839 350 3904 si
371 3839 441 3929 quis
462 3839 495 3906 in
513 3842 777 3931 praecedentibus
795 3843 964 3910 άποδούναι
989 3844 1045 3918 τῖον
1064 3842 1159 3924 χάριν
1177 3844 1275 3910 vellet
1292 3829 1442 3910 scribere.

267 3942 306 4010 In
328 3955 404 4010 orat.
427 3944 544 4013 XXIX.
566 3950 595 4013 1.
619 3947 728 4012 πολλοὶ
752 3946 815 4027 γάρ
839 3941 917 4020 ἦσαν
935 3949 963 4012 οἱ
987 3948 1191 4020 άπειλούντες
1217 3949 1284 4037 [καὶ
1303 3950 1330 4014 οῖ
1346 3949 1442 4030 Φάσ-

265 4049 384 4137 κοντες]
414 4051 620 4132 Φιλοκράτους
644 4051 878 4130 κατηγορήσειν.
912 4049 950 4116 si
969 4049 1050 4118 haec
1069 4052 1138 4140 ipse
1158 4051 1277 4120 Lusus
1296 4053 1440 4143 scripsis-

264 4165 329 4234 set,
357 4155 494 4222 alterum
514 4155 683 4223 articulum
707 4155 876 4224 omisisset:
890 4155 1048 4226 ‘eimdem
1067 4159 1191 4246 generis
1212 4160 1373 4229 emblema
1391 4172 1439 4226 est

265 4281 302 4325 ac
322 4269 417 4351 supra'
436 4261 489 4326 uoti
510 4261 666 4340 λέγουσιν.
699 4258 782 4327 Ibid.
805 4263 824 4346 ὃ
846 4262 896 4328 11.
920 4261 1075 4333 tortum
1096 4263 1147 4339 εἴκ
1166 4267 1194 4331 εἷ
1212 4302 1258 4316 -·
1275 4261 1361 4338 άθλα
1378 4265 1440 4332 λά·

262 4365 314 4444 βοι
349 4366 404 4440 τὴν
434 4366 487 4430 ὑπ’
517 4365 630 4430 ἐκείνου
663 4366 935 4448 καταλειφθεῖσαν
972 4366 1078 4432 ούσθαν
1116 4368 1216 4457 [dori]
1254 4378 1310 4444 τῆς
1342 4370 1438 4434 αὑτοῦ

263 4470 425 4556 πονιρρθας,
449 4471 615 4536 molestam
636 4470 907 4561 praepositionem
928 4471 1051 4538 uicinae
1071 4472 1214 4560 syllabae
1230 4485 1437 4565 pepererunt.

264 4570 303 4637 In
334 4587 411 4642 orat.
441 4575 557 4643 XXXI.
587 4579 639 4642 27.
672 4576 701 4644 ei
724 4601 754 4642 τι
784 4570 818 4650 ἦν
847 4576 990 4656 άδθκκμα
1018 4577 1054 4642 τὸ
1078 4579 1122 4655 μὴ
1147 4578 1381 4661 παραγενέσθαι
1406 4579 1437 4642 ε’ν

263 4676 366 4762 ε’κεθιιρ
392 4682 435 4763 τῷ
461 4684 554 4765 καιρῷ
584 4680 673 4762 νόμος
702 4680 741 4749 θον
766 4680 863 4748 ἔκειτο
892 4682 965 4763 περὶ·
987 4684 1085 4751 αὐτοῦ
1111 4684 1280 4767 διαρρήδην.
1326 4680 1438 4749 Scribe

264 4807 269 4818 ·
1227 4800 1258 4840 27
