3767 5717
964 613 1030 676 too

407 805 509 900 βοᾷς,
544 809 631 904 quod
659 809 766 874 iocose
793 805 944 872 Comicus
974 804 1082 870 nescio
1115 803 1186 894 quis
1210 802 1334 870 effinxit
1351 825 1390 871 ex
1409 809 1586 896 proverbio

407 922 486 986 κύτθ
508 919 582 1001 βοᾷ.

452 1024 490 1088 Iu
513 1017 684 1087 Taxaride
703 1021 764 1096 41,
791 1020 842 1084 12.
862 1016 929 1082 οὐδὲ
953 1013 1004 1080 ἐπί
1026 1014 1097 1085 τοὺς
1119 1014 1238 1093 κώμους
1261 1013 1387 1092 άπῆγεν
1404 1013 1450 1082 ἔτι
1471 1019 1582 1101 αύτθν,

405 1129 504 1221 paulo
535 1126 649 1191 melius
677 1124 711 1189 in
739 1123 810 1188 aliis
833 1125 952 1199 ἐπῆγεν
981 1117 1036 1185 sed
1066 1118 1241 1209 genuinum
1264 1129 1312 1182 est
1332 1120 1491 1199 ἐπνίγετο,
1515 1147 1581 1192 nou

407 1233 492 1299 enim
513 1231 606 1296 aliter
627 1252 723 1319 quam
743 1227 920 1306 ἐπάγεσθαι
939 1237 972 1291 et
990 1224 1195 1306 περιάγεσθαι
1217 1222 1367 1288 dicebaut
1387 1224 1427 1290 de
1444 1250 1500 1308 eo,
1523 1232 1583 1320 qui

405 1338 545 1402 amicum
573 1347 628 1401 aut
646 1334 783 1400 amicam
804 1331 955 1398 comitem
979 1331 1048 1397 riae
1067 1342 1099 1396 et
1117 1329 1238 1395 itineris
1257 1352 1366 1396 secum
1386 1330 1492 1414 ducit,
1515 1359 1580 1401 nou

406 1442 538 1522 ἐπάγειν
566 1452 622 1506 aut
642 1439 815 1522 περιάγειν.
841 1437 913 1502 vide
936 1442 997 1516 13,
1023 1441 1074 1504 12.
1107 1436 1216 1502 iorem
1237 1436 1275 1502 ad
1298 1459 1429 1506 coenam
1450 1453 1580 1509 euntem

405 1547 601 1625 ἐπαγόμενον
634 1548 705 1618 τοὺς
733 1545 851 1616 σίλλους
885 1544 988 1618 θεούς,
1023 1556 1055 1609 et
1084 1545 1128 1608 sic
1158 1565 1252 1634 saepe
1270 1542 1356 1634 apud
1378 1567 1496 1614 omnes.
1542 1547 1583 1614 Iu

406 1653 425 1736 §
448 1653 502 1717 16.
519 1657 628 1730 Κρῆτα
646 1648 803 1714 νεανίσκον
824 1647 901 1714 cod.
924 1649 962 1716 d.
982 1645 1118 1714 νεανικόν
1137 1661 1168 1714 et
1188 1649 1368 1739 saepissime
1387 1651 1467 1717 alibi
1481 1652 1580 1726 -ίσκος

406 1767 439 1821 et
457 1753 535 1826 -ικθς
560 1751 821 1832 confunduntur,
843 1766 879 1818 ut
900 1758 936 1832 5,
949 1758 1000 1819 54.
1021 1755 1204 1836 σαΦρονικθς
1222 1767 1253 1820 et
1271 1756 1493 1838 σωφρονίσκος,
1521 1761 1581 1838 45,

407 1865 462 1927 20.
489 1858 608 1931 κννικθς
632 1870 666 1923 et
681 1859 833 1931 κννίσκος.
864 1858 1030 1924 Δθιειοιεεο
1051 1857 1284 1926 Xenoruortrls
1303 1861 1399 1949 gratia
1410 1910 1419 1940 ,
1437 1861 1470 1925 in
1489 1863 1581 1930 cuius

406 1967 590 2032 Hellem'cis
616 1961 673 2028 ΙΙΙ.
696 1981 744 2028 111.
770 1966 800 2029 4.
824 1987 992 2055 perperam
1013 1964 1131 2053 legitur
1149 1961 1234 2038 οὗτος
1255 1967 1281 2031 δ’
1303 1961 1337 2041 ἦν
1365 1965 1416 2030 καί
1440 1967 1474 2032 τθ
1499 1964 1580 2043 εἶδος

406 2071 563 2141 νεανίσκος
584 2069 637 2133 καί
657 2069 712 2138 τίον
730 2070 839 2150 ψυχὴν
856 2072 1001 2152 εύροοςος,
1024 2071 1079 2134 ιείιί
1099 2082 1185 2136 certa
1202 2068 1424 2135 emendatione
1442 2073 1581 2140 rescribo

406 2173 555 2245 νεανικθς.
597 2171 742 2237 Giuadon
774 2185 841 2237 erat
865 2195 997 2264 corpore
1017 2174 1151 2239 robusto
1170 2187 1202 2240 et
1221 2187 1327 2254 vasto,
1351 2186 1387 2239 ut
1407 2174 1447 2240 de
1467 2199 1505 2241 eo
1523 2202 1583 2269 per

406 2283 473 2348 rim
501 2277 731 2369 prehendeudo
763 2277 1005 2367 diligentissime
1040 2276 1161 2370 Ephori
1197 2278 1337 2345 caverint
1362 2291 1394 2344 et
1424 2282 1580 2358 νεανίσκος

407 2387 447 2454 ad
476 2396 611 2450 aetatem
633 2384 770 2449 retertur
788 2385 859 2471 (τὴν
881 2385 1041 2473 ἡλικίαν),
1068 2408 1135 2450 non
1155 2383 1194 2449 ad
1215 2385 1352 2450 formam
1372 2387 1514 2475 corporis
1532 2386 1582 2475 (πθ

407 2487 511 2578 ribos).
543 2486 634 2553 idem
650 2486 816 2553 ritiumin
837 2488 991 2554 Beuum
1010 2491 1136 2556 Aneed.
1154 2489 1179 2554 I.
1197 2515 1230 2580 p.
1251 2494 1333 2569 365,
1351 2493 1380 2554 8.
1396 2492 1581 2569 άκμαῒοςι

407 2595 580 2678 νεανίσκος,
612 2597 772 2676 σφριγῶνε
800 2592 972 2658 dubitasne
1001 2593 1137 2666 νεανικθς
1167 2595 1350 2686 reponere?
1383 2594 1421 2660 Iu
1442 2597 1459 2680 §
1483 2599 1535 2662 42.
1557 2599 1583 2665 εί

407 2701 461 2769 καί
502 2697 619 2769 ἄλλους
658 2722 703 2762 σοι
743 2698 819 2764 δέκα
858 2699 920 2775 boin
960 2723 1008 2772 τις
1053 2701 1347 2780 καταριθμήσασθαι
1386 2701 1582 2781 άνοιμθτονς,

407 2806 530 2896 corrige
564 2803 732 2889 άνωμθτρι,
766 2806 920 2870 inaurato
955 2807 1026 2872 tibi.
1060 2806 1077 2890 §
1105 2807 1158 2870 54.
1191 2803 1249 2874 θίςε
1288 2803 1370 2869 πάνυ
1405 2806 1581 2889 ἐπονοῦντο,

408 2913 560 2980 usitatum
583 2920 630 2974 est
649 2907 783 2974 ε’πθνονν.
806 2915 823 2998 §
844 2915 896 2976 55.
915 2910 1114 2974 ὑποτελέσειν
1137 2947 1182 2960 -
1205 2911 1434 2991 χειρώσασθαι,
1461 2915 1584 3004 corrige

408 3023 573 3086 ὑποτελεῖν
599 3053 646 3066 -
665 3016 881 3095 χειρώσεσθαι.
905 3015 924 3098 §
949 3018 1002 3080 60.
1022 3014 1035 3078 ί
1065 3015 1097 3079 δὲ
1121 3013 1246 3094 κάμνων
1271 3015 1334 3080 άπὸ
1360 3019 1413 3079 τοῦ
1438 3019 1583 3097 τραύμα-

408 3149 460 3198 τος
494 3133 527 3187 et
554 3131 628 3211 post
653 3141 754 3208 pauca
782 3120 887 3200 χωλός
913 3122 976 3188 ἐςιν
1007 3120 1069 3184 άπὸ
1100 3124 1154 3184 τοῦ
1183 3119 1394 3202 τραύματοςι
1412 3123 1583 3215 utrobique

408 3224 546 3294 emenda
566 3225 624 3288 ὑπὸ
642 3228 697 3287 τοῦ
716 3225 917 3305 τραύματος,
939 3235 975 3289 ut
998 3223 1031 3289 in
1049 3229 1066 3312 §
1087 3227 1140 3289 61.
1161 3225 1226 3290 οὐδὲ
1246 3224 1355 3294 ἑςάνοιι
1377 3227 1503 3293 ἐδύνατο
1523 3231 1583 3297 ύπθ

408 3339 466 3406 τῆς
487 3329 604 3405 ὀδύνης.
630 3326 727 3393 Sedet
746 3328 819 3395 riris
839 3328 940 3396 doctis
960 3329 1093 3420 perinde
1112 3352 1178 3394 esse
1198 3342 1306 3395 utrum
1326 3329 1391 3396 άπθ
1408 3354 1447 3396 an
1466 3334 1527 3400 ύπθ
1548 3337 1584 3402 in

409 3434 529 3502 talibus
557 3433 732 3513 scribatur,
764 3458 904 3527 namque
932 3437 992 3502 ὑπθ
1022 3437 1054 3500 in
1083 3435 1192 3500 multis
1213 3435 1304 3501 libris
1320 3445 1382 3515 est,
1410 3436 1442 3500 in
1460 3440 1584 3529 optimo

412 3542 449 3610 Α.
467 3543 502 3608 iu
522 3541 627 3632 priore
647 3541 719 3606 loco
739 3543 802 3607 άπὸ
823 3548 877 3607 τοῦ
895 3543 1094 3626 τραύματος,
1116 3542 1251 3633 legitur,
1271 3544 1304 3608 in
1323 3543 1424 3608 altero
1446 3546 1504 3611 ὑπὸ
1528 3554 1584 3614 τοῦ

409 3650 603 3730 τραύματος.
651 3644 762 3711 Nostri
789 3659 835 3712 cst
855 3647 977 3737 ubique
998 3648 1119 3713 arbitrii
1139 3673 1177 3714 er
1200 3651 1386 3716 Graecitatis
1411 3651 1534 3717 ratione
1553 3665 1586 3718 et

410 3776 470 3819 usu
490 3751 631 3840 singulos
652 3752 739 3818 locos
759 3755 973 3834 constituere,
997 3777 1098 3845 quum
1120 3779 1155 3821 ca
1177 3757 1217 3822 sit
1238 3757 1486 3822 describentium
1504 3758 1587 3825 leri-

409 3871 476 3938 tas,
499 3858 554 3924 sed
579 3857 619 3923 de
645 3881 681 3923 eu
709 3882 743 3924 ro
765 3882 838 3924 mor
862 3861 967 3950 plura.
1017 3859 1093 3944 Quis
1114 3860 1254 3952 denique
1272 3862 1407 3928 miretur
1426 3863 1587 3940 διεξέπεσε

408 3966 513 4031 solere
536 3954 676 4054 irrepere
696 3987 754 4054 pro
776 3965 976 4043 διεξίπαισε,
1002 3966 1059 4031 ubi
1078 3965 1192 4056 viderit
1212 3971 1229 4055 §
1250 3970 1303 4033 61.
1325 3989 1384 4057 pro
1401 3965 1480 4047 ἔφθη
1506 3968 1588 4032 διεκ-
1672 4038 1678 4046 ,

409 4070 530 4140 παίσας
552 4069 585 4133 iu
610 4068 738 4160 optimis
757 4080 790 4134 et
811 4069 1038 4158 antiquissimis
1058 4093 1125 4135 esse
1146 4070 1335 4144 διεκπὲσας,
1362 4070 1448 4135 unde
1469 4070 1587 4138 sciolus

410 4175 445 4240 iu
470 4172 549 4239 cod.
570 4174 605 4240 d.
628 4172 839 4247 διεκπετάσας
864 4174 970 4240 effecit
992 4176 1169 4241 sentcntiae
1194 4197 1333 4241 securus.
1430 4185 1433 4196 “

411 4335 417 4347 .
457 4278 661 4370 Quicumque
692 4279 816 4371 scripsit
849 4280 984 4344 Lucrum
1013 4286 1084 4345 sive
1113 4282 1257 4347 Asinum
1292 4281 1457 4371 aliquanto
1487 4281 1587 4347 serius

410 4408 509 4476 quam
538 4386 709 4453 Lucrinus
738 4385 818 4453 vixit
843 4397 875 4450 et
899 4386 1079 4452 Graecitate
1103 4387 1204 4454 utitur
1222 4387 1389 4476 aliquanto
1409 4386 1588 4468 deteriore,

409 4493 512 4558 multa
538 4493 738 4583 negligenter
765 4503 797 4557 ct
824 4491 961 4582 plebeiis
984 4492 1144 4558 erroribus
1164 4493 1361 4583 scriptitans,
1385 4515 1423 4558 ex
1446 4513 1510 4582 quo
1530 4513 1587 4581 ge-

410 4621 486 4665 nere
510 4617 616 4665 unum
645 4599 807 4689 specimen
833 4620 921 4665 nunc
941 4599 1086 4667 attulisse
1105 4601 1165 4666 erit
1187 4599 1261 4667 satis
1280 4623 1317 4668 ex
1339 4603 1356 4686 §
1378 4603 1409 4669 4.
1432 4595 1521 4680 ἤρετθ
1544 4621 1588 4677 με

409 4702 459 4775 τίς
486 4704 544 4782 μὲν
572 4703 643 4774 ἔςοοι
669 4707 687 4779 ἡ
716 4709 768 4770 νύν
791 4728 843 4786 μοι
873 4705 937 4781 ttae
968 4705 1021 4776 καί
1048 4708 1074 4773 εί
1101 4705 1221 4782 πάσαις
1246 4701 1588 4796 (irro'rrrrrliultztus)
