3767 5717
877 638 896 701 5

289 816 492 883 doctissimos
504 816 591 881 viros
603 813 659 879 din
677 811 836 891 luserint,
860 817 892 877 at
905 810 983 897 quid
1002 811 1042 876 iis
1062 807 1178 885 incius,
1202 811 1258 897 qui
1276 810 1361 898 opod
1387 812 1481 881 Srnu·

286 943 384 988 norun
409 921 462 987 ΙΙΙ.
487 942 519 1009 p.
546 924 620 989 172.
642 921 695 995 τὴν
716 916 902 984 tortorum
923 915 1070 982 dederint
1094 934 1151 1001 pro
1174 916 1395 998 οὶντιννοὶθειαν,
1420 929 1478 987 aut

287 1028 322 1092 in
343 1029 506 1093 burrrnrru
530 1026 616 1091 dicto
647 1022 732 1109 apud
762 1021 849 1088 Sroo.
872 1022 985 1087 Floril.
1010 1020 1101 1089 CXX.
1126 1024 1166 1087 nt
1191 1024 1246 1099 clo
1276 1026 1310 1089 ἐκ
1334 1024 1478 1101 Κιλικίοις

288 1134 373 1215 αὐτῷ
393 1132 560 1211 γενομένην
583 1132 625 1204 οἷς
649 1130 780 1206 Ἀθήνας
802 1127 1018 1196 εὐπάθειαν
1041 1148 1099 1215 pro
1122 1126 1282 1197 εὔπλοιαν.
1330 1132 1482 1218 Arguunt

287 1236 323 1302 hi
341 1236 422 1316 loci,
447 1237 531 1323 quod
553 1236 716 1301 innumeri
743 1233 798 1300 alii
822 1232 1039 1309 confirmant,
1073 1234 1107 1299 in
1136 1236 1272 1301 vetustis
1294 1234 1385 1301 libris
1409 1248 1483 1304 ET·

287 1352 455 1411 ΠΑΘΙΑΝ
479 1350 511 1408 et
534 1348 809 1409 ΑΝΤΙΠΑΘΙΑΝ
838 1338 937 1405 scribi
962 1337 1063 1405 solere
1086 1358 1143 1425 pro
1167 1363 1268 1417 ·ειαν,
1288 1361 1388 1425 quare
1417 1362 1480 1409 non

289 1455 340 1515 est
369 1446 617 1534 trepidandum,
644 1443 824 1535 siquando
848 1445 1026 1530 perveteris
1061 1443 1241 1529 scripturae
1268 1437 1404 1533 uestigia
1441 1448 1483 1512 ri-

289 1553 405 1630 meris,
436 1571 537 1637 quum
559 1577 568 1617 ι
590 1550 694 1617 solum
713 1557 864 1636 apparet,
890 1549 945 1616 nbi
964 1574 990 1615 ει
1019 1550 1171 1616 Graecum
1192 1557 1250 1617 est.
1299 1551 1403 1619 Prosit
1423 1552 1484 1619 boc

287 1656 417 1735 Lrsrnn,
448 1656 533 1743 apud
559 1676 656 1743 quem
682 1675 770 1722 nunc
797 1654 881 1720 Orat.
911 1654 966 1721 IX.
993 1653 1017 1743 S
1045 1658 1064 1719 b
1100 1674 1175 1720 reus
1200 1655 1246 1719 sic
1272 1654 1312 1719 ad
1345 1656 1482 1724 indices:

289 1765 316 1828 οἱ
340 1762 443 1843 μέντοι
469 1764 553 1842 ὑμᾶς
577 1760 689 1830 οἴονται
721 1762 759 1827 δι’
792 1760 941 1827 εὔνοιαν
964 1760 1024 1853 1ὑπὸ
1048 1766 1107 1826 νῶν
1129 1761 1283 1839 διαβολῶν
1300 1762 1482 1838 πεισθέντας

291 1868 565 1950 καταψηφιεῖσθαί
586 1892 646 1947 μον
666 1871 720 1935 οὐκ
748 1865 788 1933 ἂν
807 1864 1030 1946 θαυμάσαιμι,
1053 1866 1182 1953 inepte,
1205 1874 1242 1931 ut
1268 1866 1348 1941 nihil
1372 1888 1484 1955 supra.

290 1972 414 2039 Novum
439 1981 488 2038 est
511 1972 570 2040 boe
593 1973 710 2047 εὐνοίαις
728 1992 851 2059 genus,
883 1992 947 2057 que
975 1970 1070 2039 iudex
1094 1972 1296 2057 innocentem
1321 1974 1484 2060 opprimit.

290 2078 419 2165 Repooe
439 2080 598 2157 εὐήθειαν,
622 2077 709 2164 quod
738 2087 931 2145 nrflernn
960 2079 1118 2164 scripturn
1143 2079 1267 2163 peperit
1288 2078 1428 2145 ioculare
1448 2080 1484 2145 il·

289 2182 346 2253 lud
376 2182 504 2250 εὔνοιαν.
551 2186 670 2262 Εὑήθνς
702 2191 734 2251 et
769 2185 891 2261 εὐήθεια
915 2184 948 2247 in
976 2202 1013 2247 ea
1045 2202 1080 2247 re
1109 2184 1188 2249 trita
1212 2192 1310 2259 sunt,
1340 2182 1385 2250 Gs.
1412 2185 1484 2253 Lrs.

290 2288 359 2355 ΧΗ.
392 2294 493 2379 387.
541 2288 784 2357 Eiusdemmodi
815 2287 982 2374 complura
1005 2285 1098 2353 facile
1128 2296 1176 2353 est
1210 2308 1248 2354 ex
1278 2288 1406 2357 assidue
1431 2290 1484 2356 ob·

289 2395 469 2462 servatione
488 2394 636 2461 codicum
657 2394 827 2481 colligere,
854 2393 972 2480 quibus
993 2394 1078 2459 inest
1102 2413 1139 2459 ea
1162 2393 1378 2473 οιειθαναραν,
1401 2416 1484 2481 quae

289 2506 395 2565 certas
414 2499 654 2568 emendationes
671 2501 711 2567 ab
731 2500 865 2565 incertis
885 2498 1140 2565 correctionibus
1162 2498 1343 2585 distinguit.
1369 2500 1485 2566 Emen-

291 2602 379 2668 davit
399 2624 502 2689 nuper
526 2604 782 2689 pulcherrimum
801 2604 950 2670 Porrours
970 2606 1002 2669 in
1023 2604 1197 2691 Protuporo
1219 2606 1324 2670 locum
1348 2604 1485 2671 Cinorus

292 2708 438 2781 Roudon,
462 2708 517 2791 (μιν
548 2728 642 2773 verce
671 2709 803 2776 criticae
838 2705 966 2771 landem
1001 2708 1086 2793 apud
1113 2710 1282 2793 populares
1318 2729 1392 2775 suos
1416 2710 1484 2775 viu·

292 2813 378 2881 dicet
410 2820 442 2880 et
467 2819 578 2878 tuetur
609 2812 655 2900 (in
679 2810 822 2897 Proesot.
844 2810 886 2875 od
913 2810 997 2877 Plut.
1021 2811 1203 2877 Pboedrom
1225 2834 1255 2899 p.
1277 2811 1341 2900 rx),
1366 2813 1422 2879 sed
1442 2814 1487 2881 le·

292 2921 339 2985 ris
359 2937 470 2994 error,
490 2918 523 2985 in
537 2935 633 3002 quern
659 2915 844 3000 implicatus
864 2923 931 2994 est,
959 2920 1014 2992 τίρν
1035 2916 1197 2999 ἐνάργειαν
1222 2918 1364 2985 sustulit.
1411 2920 1487 2987 Pun-

289 3044 375 3092 roms
406 3022 502 3089 verba
535 3022 667 3089 suntin
698 3004 895 3087 Puornoonte
928 3023 1119 3088 suavissimo
1152 3022 1259 3091 fabula
1292 3044 1322 3111 p.
1347 3028 1423 3089 521.
1449 3026 1487 3091 A.

291 3132 364 3214 πρὸς·
401 3130 461 3203 τοὶς
488 3131 523 3196 ἐκ
554 3128 627 3201 Διὸς
659 3126 738 3208 ἶν’ρας
771 3124 938 3209 εὐμάρειαν
970 3130 1157 3209 ἐμηχανᾶτο
1194 3130 1368 3214 αμφιεννὺς
1402 3131 1488 3198 αὐτοὶ

290 3243 421 3309 πυκναῖς
442 3259 478 3301 τε
500 3232 574 3318 θριξὶ
594 3234 647 3302 καὶ
677 3240 789 3315 ςερεοῖς
810 3232 957 3315 δέρμασιν
982 3235 1096 3309 ἱκανοῖς
1120 3236 1177 3315 μὲν
1199 3238 1318 3316 οὶμῦναι
1341 3242 1485 3319 χειμῶνα

288 3344 427 3414 δυνατοῖς
456 3340 487 3405 δὲ
520 3340 572 3405 καὶ
597 3339 752 3419 καύματα
774 3339 827 3404 καὶ
856 3341 898 3415 εἰς
923 3338 1014 3413 εὔνοος
1039 3342 1133 3407 ἰοῦσιν
1163 3337 1243 3415 ὅπως
1272 3338 1407 3425 ὑπάρχοι
1439 3342 1483 3411 τοὶ

291 3447 376 3513 αὐτοὶ
396 3451 503 3513 ταῦτα
532 3446 655 3526 erupuit
677 3444 775 3511 οἰκεία
801 3468 836 3509 τε
860 3446 912 3510 καὶ
943 3446 1103 3527 αὐτοφυὴς
1122 3443 1223 3529 {xristo
1247 3446 1298 3511 καὶ
1325 3448 1396 3513 ὑπὸ
1420 3472 1485 3513 νιο-

289 3555 355 3620 dciv
375 3552 418 3619 τοὶ
438 3551 495 3631 μὲν
518 3551 632 3624 totuis
652 3550 695 3617 rol
726 3550 758 3615 δὲ
781 3548 856 3631 θριξὶ
880 3536 932 3615 οιαὶ
960 3550 1088 3633 δέρμασι
1117 3560 1228 3634 §speeie
1249 3551 1300 3622 noti
1324 3554 1481 3633 ἀναίμοις.

288 3659 326 3724 ln
350 3657 400 3723 bis
422 3658 482 3723 ὑπὸ
503 3657 599 3723 ποδῶν
624 3663 777 3740 corrupta
797 3662 885 3720 snut.
910 3656 1011 3721 diem
1036 3675 1095 3721 acu
1122 3658 1228 3742 tetigit
1255 3658 1402 3735 Binum,
1427 3660 1484 3745 qni

289 3762 479 3828 brevissime
502 3760 522 3825 l.
545 3760 585 3825 l.:
611 3779 689 3844 »pro
713 3760 771 3825 ὑπὸ
797 3760 893 3824 ποδῶν
914 3758 935 3823 l.
964 3759 1106 3825 ὑποδέαν.
1134 3760 1199 3852 ‚Gi
1229 3782 1327 3847 supra
1347 3765 1483 3845 αμφιεν·

289 3866 340 3943 νύς
354 3866 375 3893 ”
399 3872 433 3930 ot
455 3884 550 3931 nemo
573 3863 691 3932 dixerit
714 3864 873 3949 quomodo
902 3864 1034 3945 ὑανδέον
1056 3866 1088 3931 in
1113 3866 1170 3933 ὑνιὸ
1192 3866 1288 3934 colbo
1313 3866 1481 3956 depravari

291 3970 443 4057 poluerit.
491 3967 692 4037 Athenienses
719 3977 828 4037 eutem
853 3990 915 4035 noo
940 3968 1090 4039 dicebant
1115 3972 1245 4041 ὑποδέον
1269 3970 1324 4037 sed
1349 3974 1482 4055 octono,

287 4094 340 4143 res
361 4082 451 4141 certa
479 4082 527 4141 est
550 4083 581 4143 et
606 4082 692 4144 nola.
747 4074 804 4144 Sic·
823 4077 923 4157 λήροις
958 4078 1076 4143 doctor
1100 4079 1171 4153 τοὺς
1200 4085 1345 4153 νικῶντας
1375 4088 1424 4145 est
1448 4081 1482 4147 iu

289 4183 450 4249 Anrsrorn.
464 4179 558 4249 Pluto
570 4201 616 4246 vs.
631 4186 707 4249 589.
721 4202 783 4247 non
797 4182 941 4247 οὶναδέινν.
975 4182 1077 4249 Viden
1095 4184 1196 4271 igitur
1208 4185 1480 4271 quemadmodum

288 4296 478 4355 ΤΠΟΔΩΝ
502 4287 661 4373 pepererit
684 4286 872 4372 vulgatam?
920 4287 1004 4354 Sunt
1026 4288 1212 4357 huiusmodi
1232 4309 1357 4379 errores
1370 4288 1479 4379 admo-

289 4394 366 4461 dum
389 4400 533 4468 veteres,
548 4391 818 4479 quemadmodum
837 4414 931 4479 saepe
953 4396 985 4459 in
1006 4395 1216 4481 sequentibus
1236 4393 1479 4470 demonstrabo,

289 4520 392 4586 neque
424 4507 551 4565 tuntum
579 4496 700 4568 indocti
729 4498 853 4568 scribae
882 4501 928 4565 sio
949 4499 1140 4567 hallucinari
1170 4498 1311 4567 solebant
1343 4498 1398 4587 sed
1426 4498 1478 4568 do·

289 4606 351 4683 oti,
376 4603 533 4671 siliceis
555 4604 680 4690 placet,
708 4603 917 4673 Grammatici
951 4605 1085 4673 subinde
1112 4624 1175 4673 non
1203 4608 1311 4675 miuus
1343 4606 1479 4679 mirifice

1191 4720 1201 4757 1
1217 4714 1227 4735 ι
