3767 5717
759 691 762 696 A
854 621 919 686 373
1044 676 1075 712 W
1130 634 1134 640 ’

307 837 373 909 cap.
403 819 453 881 12.
497 812 577 880 Gato
598 811 681 880 ridet
706 811 907 880 Postumium
930 811 1083 880 Albinum
1106 813 1189 882 malo
1211 810 1330 882 Graece
1350 816 1478 908 scripti·

306 932 426 988 tantem
455 930 489 986 et
517 919 642 985 reniam
671 917 913 1008 deprecantem:
948 917 1131 1001 ἐπέσκωψεν
1155 922 1247 986 εἰπὼν
1273 922 1374 987 δοτέον
1398 917 1478 988 εἶναι

299 1027 356 1102 τήν
382 1025 573 1105 συγγνώμην
595 1025 620 1088 ai
641 1024 701 1088 τῶν
719 1022 959 1106 Ἀμφικτυόνων
977 1023 1209 1105 ψηφισαμένων
1233 1025 1477 1114 [ἀναγκασθεὶς]

297 1131 444 1210 ὑπέμεινε
476 1128 511 1193 τὸ
539 1127 637 1209 ἔργον.
685 1127 776 1196 Salso
804 1127 927 1194 dictum
948 1127 1075 1195 adiecto
1099 1130 1295 1196 emblemate
1314 1131 1352 1195 lit
1372 1131 1477 1196 insul-

302 1234 376 1300 sius.
422 1232 461 1298 ln
483 1233 643 1324 Agesiho
666 1254 734 1327 cap.
753 1237 774 1299 2
793 1235 876 1313 μήτε
897 1234 1028 1303 πλατθιν
1051 1236 1134 1313 μήτε
1160 1235 1306 1315 μιμηλὰν
1329 1233 1478 1326 [εἷκθνα],

301 1361 369 1432 cap.
389 1343 410 1405 6
429 1339 621 1413 οέκοθσαντες
640 1341 665 1406 οἱ
685 1338 882 1421 Βοιωτάρχαι
901 1339 974 1421 πρὸς
996 1340 1089 1420 ὀργήν
1111 1341 1309 1430 [κινηθέντες]
1328 1341 1479 1423 ἔπεμψαν
1543 1357 1553 1372 ⁴

302 1445 471 1526 ὑπηρέτισι.
520 1442 675 1512 Indoctus
705 1443 880 1511 Graeculus
901 1444 1068 1534 adscripsit
1088 1446 1268 1521 κινηθέντες.
1317 1446 1394 1530 Quis
1413 1471 1505 1527 uon,

302 1551 482 1644 saepissime
507 1548 540 1614 in
565 1549 622 1614 teli
643 1571 677 1616 ra
698 1551 771 1631 πρὸς
801 1549 893 1631 ὀργήν
915 1549 1019 1638 legit?
1066 1547 1105 1614 In
1124 1571 1194 1638 cap.
1213 1553 1266 1614 32.
1316 1552 1480 1642 Agesilaus

304 1679 404 1748 quum
424 1657 563 1748 primum
585 1653 839 1747 Epaminondam
861 1654 940 1721 uidit
960 1656 1058 1721 τολὺν
1077 1656 1185 1737 χρόνον
1203 1656 1376 1739 ἐμβλέψας
1394 1661 1480 1743 αὐτῷ

305 1765 403 1854 [οὐδὲν
431 1763 464 1851 ή]
496 1768 640 1827 τοσοῦτον
667 1761 757 1841 μένον
783 1757 882 1826 εἶπεν·
908 1757 929 1826 ιθ
958 1763 1013 1826 τοῦ
1035 1757 1345 1841 μεγαλοπράγμονος
1367 1766 1480 1848 α’νθριθ-

301 1871 379 1934 orout
425 1867 499 1934 Non
528 1879 575 1934 eat
603 1867 709 1932 minus
737 1877 853 1932 notum
881 1871 1027 1932 τοσοῦτον
1050 1859 1140 1943 μόνον
1161 1885 1258 1955 quam
1276 1867 1350 1949 πρὸς
1373 1869 1479 1949 θργήν.

303 1972 341 2040 In
374 1971 501 2040 Catone
528 1977 657 2038 minore
685 1993 756 2063 cap.
788 1973 831 2036 28
858 1971 1023 2050 Μουρήνας
1053 1969 1068 2033 θ
1098 1970 1155 2044 τήν
1178 1970 1264 2045 δίκην
1292 1974 1404 2053 φυγὼν
1425 1974 1480 2038 ὑπ’

297 2080 400 2144 αὐτοῦ
439 2078 505 2166 [καὶ
541 2075 790 2163 κατηγορηθείς].
846 2076 905 2142 ilat
936 2073 1000 2140 hoc
1029 2073 1283 2142 additamentum
1319 2076 1411 2157 satis,
1444 2091 1482 2146 ut

303 2183 435 2274 opinor,
459 2182 672 2248 manifestum.
710 2178 748 2244 In
767 2201 837 2269 cap.
861 2184 903 2247 45
923 2178 965 2244 ad
985 2179 1082 2245 rerba
1099 2179 1322 2260 ἑξακισχιλίων
1345 2183 1480 2250 ὁπλιτῶν

300 2287 431 2367 δύναμιν
465 2288 634 2378 adscripsit
666 2285 782 2352 sciolus
807 2284 915 2359 τέλος,
941 2284 989 2350 sic
1014 2283 1067 2349 isti
1086 2285 1246 2374 legiam
1265 2286 1481 2376 appellabant.

302 2390 340 2456 lu
365 2391 534 2459 Cleomene
553 2416 623 2483 cap.
644 2396 663 2456 7
686 2390 727 2490 ad
748 2391 812 2456 duo
835 2387 966 2456 urbium
987 2391 1118 2456 nomina
1137 2389 1333 2479 adscriptum
1353 2403 1401 2457 est
1419 2393 1479 2468 τοὶς

302 2494 421 2592 πόλεις.
469 2497 507 2563 In
540 2491 699 2562 Cicerone
727 2517 797 2588 cap.
827 2498 871 2559 40
898 2493 1111 2585 ludimagistri
1130 2494 1261 2584 ingenio
1280 2494 1412 2584 dignum
1432 2509 1480 2563 est

302 2598 355 2664 acl
386 2602 582 2678 ανεςθθησαν
609 2601 754 2670 additum
775 2599 913 2666 rerbisd
939 2609 1063 2681 Καῖσαρ
1090 2599 1253 2665 ἐκέλευσεν
1271 2601 1478 2677 οέναςαθήναι.

298 2701 342 2768 ·In
369 2705 540 2774 Demetrio
569 2729 638 2797 cap.
671 2710 714 2771 24
743 2703 920 2770 monachus
950 2702 1067 2792 aliquis
1091 2703 1138 2770 ad·
1162 2701 1258 2768 rerba
1276 2700 1330 2768 θτε
1354 2706 1479 2787 Χρυσίδι

302 2805 356 2872 καὶ
372 2810 488 2894 Λαμίᾳ
500 2810 553 2875 καὶ
571 2819 678 2890 Δημοῖ
691 2809 743 2875 καὶ
761 2808 928 2892 Ἀντικθρρι
942 2808 1203 2877 συνακολαςαίνοι
1218 2807 1260 2874 de
1279 2829 1337 2874 suo
1356 2808 1480 2877 addidit

301 2919 375 2984 ταῖς
407 2911 532 2992 πόρναις
563 2911 706 2983 ἐκείναις.
756 2908 794 2974 lu
825 2910 975 2977 Antonio
1001 2931 1072 3001 cap.
1104 2913 1148 2976 23
1175 2911 1334 2992 φιλέλλην
1362 2913 1480 2980 οέκοθων

302 3011 429 3098 ἔχαιρεν
450 3014 496 3081 ἐτι
519 3015 551 3081 δὲ
571 3019 696 3095 μοῦλλον
712 3015 918 3098 φιλαθήναιος
938 3014 1293 3104 [προσαγορευθμενος],
1311 3027 1344 3081 at
1361 3018 1480 3085 οέιιοθων

299 3120 463 3210 significat
482 3120 795 3205 προσαγορευόμενος.
821 3119 859 3186 in
880 3142 950 3212 cap.
974 3124 1018 3187 54
1041 3119 1232 3202 Κλεοπάτρα
1245 3121 1372 3199 ἐξιοῦσα
1386 3125 1481 3200 ςολήν

306 3224 441 3316 [ἑτέραν]
469 3225 551 3306 ιἐρθιν
576 3225 745 3306 ἐλοθμβανε
768 3225 821 3292 καὶ
852 3226 906 3291 νέα
924 3224 1007 3299 Ἶσις
1025 3224 1240 3309 ἐχρημάτιζε,
1265 3225 1482 3320 dittographia

301 3334 428 3421 peperit
448 3331 566 3413 ἑτέραν.
588 3330 626 3396 In
643 3331 825 3419 Lysandro
842 3352 910 3421 cap.
931 3335 986 3398 30.
1001 3330 1098 3412 ἱςορεῖ
1113 3330 1302 3410 Θεόπομπος
1316 3326 1338 3413 ᾧ
1353 3338 1480 3413 μᾶλλον

303 3437 478 3502 ἐπαινοῦντι
508 3436 682 3504 πιςεῦσειεν
707 3435 746 3500 ἄν
768 3459 816 3508 τις
843 3436 859 3512 ή
887 3436 1039 3517 ψέγοντι,
1074 3445 1206 3499 venuste
1240 3447 1273 3502 et
1305 3438 1482 3508 clementer

306 3538 430 3606 dictum
468 3551 523 3606 est.
592 3538 777 3630 Corrumpit
806 3540 912 3608 omnia
946 3538 1080 3617 sciolus,
1116 3540 1174 3628 qui
1202 3553 1336 3608 annotat
1367 3547 1481 3626 ψέγειν

301 3645 365 3728 γὰρ
397 3643 476 3721 ήδιον
495 3646 524 3723 .ή
553 3646 712 3723 ἐπαινεῖν,
745 3643 833 3736 quod
864 3645 981 3712 salsum
1008 3657 1055 3710 est
1082 3655 1114 3710 et
1143 3644 1350 3715 Ptursucuo
1371 3649 1479 3743 indig-

304 3772 393 3818 num.
451 3749 488 3818 lu
523 3749 679 3818 Sertvo
717 3773 784 3842 cap.
822 3755 853 3817 2.
890 3749 1025 3832 τραφεὶς
1060 3749 1092 3814 δὲ
1123 3751 1258 3830 κοσμίως
1294 3755 1353 3820 ὑπὸ
1385 3760 1479 3841 μητρὶ

302 3856 390 3939 χήρα
419 3856 581 3938 ὑπερφυῶς
607 3857 691 3922 δοκεῖ
712 3855 896 3938 φιλομήτωρ
919 3852 1077 3932 γενέσθαι.
1121 3853 1242 3944 Ecquis
1271 3880 1309 3923 er
1337 3859 1387 3926 his
1415 3885 1481 3931 non

305 3959 458 4051 intelligit
489 3960 667 4028 Sertorium
697 3962 836 4028 amisisse
861 3958 1009 4052 patrem?
1056 3958 1157 4025 Scioli
1174 3973 1280 4028 tamen
1295 3964 1376 4054 ‘post
1395 3970 1481 4054 χήρη
1510 3951 1518 3960 “

303 4067 506 4134 inseruerunt
526 4069 643 4148 πατρὸς
662 4065 805 4150 θρφανθς.
830 4065 868 4131 ln
883 4066 1022 4154 Pyrrho
1031 4087 1100 4156 cap.
1114 4068 1166 4133 12.
1177 4067 1315 4156 graviter
1329 4072 1481 4140 Puursn'-

306 4159 404 4240 cutis:
429 4168 471 4244 οἶς
496 4172 559 4254 γὰρ
583 4174 616 4238 οῦ
637 4172 796 4250 πέλαγος,
820 4172 875 4237 οῦκ
899 4171 980 4252 θρνς,
1005 4173 1060 4238 οὐκ
1082 4171 1225 4248 οέοθκητος
1246 4174 1360 4255 ἐρημία
1382 4178 1480 4261 τέρας

236 4334 239 4340 ,
302 4278 350 4349 tet
387 4276 582 4354 πλεονεξίαςΙ
600 4277 661 4344 οὐδ’
687 4277 713 4342 ai
736 4276 921 4356 διαιροῦντες
946 4276 1097 4358 Εὐρώπην
1121 4274 1174 4342 καὶ
1201 4278 1313 4344 Ἀσέαν
1336 4282 1480 4364 τέρμονες

303 4384 430 4468 ἐρίζουσι
455 4381 515 4454 τοὶς
542 4379 725 4461 ἐπιθυμίας,
751 4385 815 4452 πῦς
837 4379 876 4447 θον
900 4378 1072 4459 οὶπτθμενοι
1093 4378 1146 4444 καὶ
1160 4380 1317 4460 ψαύοντες
1331 4385 1481 4462 οθλλήλων

303 4491 468 4570 οέτρεμοέεν
491 4489 522 4553 ἐν
544 4495 609 4560 τοῖς
626 4490 774 4568 παροῦσιν
789 4488 843 4552 οὐκ
857 4486 1054 4559 οέδικοῦντεςς
1077 4481 1202 4560 addidit
1217 4485 1333 4576 aliquis
1346 4491 1401 4554 οῦκ
1415 4488 1480 4559 ἐτιν

304 4595 420 4670 εἰπεῖν,
454 4617 537 4686 quae
568 4592 664 4660 uerba
695 4613 769 4658 cnm
799 4589 1065 4682 praecedentibus
1095 4612 1160 4654 non
1189 4591 1263 4658 satis
1293 4593 1376 4660 bene
1399 4615 1479 4663 con-

305 4698 490 4788 iunguntur.
539 4700 576 4768 ln
602 4700 720 4770 Mor'r'o
749 4720 819 4788 cap.
842 4700 873 4764 7.
898 4695 998 4772 ήδιςον
1021 4696 1062 4763 δὲ.
1077 4695 1249 4785 [Ῥωμαθιρ]
1276 4698 1381 4778 θέαμα
1403 4724 1478 4783 τρα-
