3767 5717
979 605 1044 670 126

414 774 468 845 iri
490 781 534 862 τῷ
560 780 724 860 μνημοντο,
754 776 820 844 ὅθεν
845 777 959 858 ἔδειξεν
982 782 1000 857 rt
1024 777 1206 860 Δημαινέτη
1230 777 1419 862 προελθόντα
1439 782 1535 848 αὐτὸν
1558 783 1607 849 ἐν·

413 885 579 952 retracter
597 885 644 951 rot
657 883 727 968 τερδ
743 888 798 951 τοῦ
822 883 910 952 olom.
958 881 1088 952 Soloeca
1103 885 1207 952 oratio
1229 892 1279 953 est
1298 893 1330 952 et
1355 904 1417 953 non
1438 887 1518 954 satis
1531 906 1605 974 per-

412 991 536 1077 spicua.
559 989 691 1077 Garrige
705 988 827 1068 ἔδοξεν,
844 988 878 1056 id
895 996 946 1056 cst
968 990 1141 1058 insomnio
1166 989 1254 1056 cidit.
1279 990 1409 1064 'l'ritum
1431 992 1603 1060 esttenete

411 1095 453 1162 de
471 1095 715 1175 somniantibus,
737 1093 812 1162 vide
835 1094 973 1162 Pmnsort.
998 1094 1039 1162 ad
1061 1095 1182 1164 Annius
1203 1095 1402 1162 lismonam
1424 1105 1497 1184 post
1517 1097 1602 1166 llos·

412 1221 505 1268 nmen
530 1221 562 1289 p.
582 1204 658 1268 est.
682 1199 739 1270 sed
761 1199 825 1268 alia
845 1197 950 1268 torma
975 1208 1118 1279 veteres,
1139 1200 1429 1270 meinamma
1452 1201 1602 1290 aequales

412 1305 599 1374 utebantur.

686 1409 835 1488 ἐδοξάτην
856 1435 909 1491 μοι
928 1414 973 1478 τὼ
995 1411 1043 1480 δύ’
1064 1413 1174 1494 insign
1193 1418 1311 1491 μολεῖν.

413 1525 472 1584 aut
685 1515 835 1595 ἐδοξάτην
853 1539 906 1597 μοι
922 1515 975 1586 tto
993 1515 1118 1596 yconie·
1138 1517 1275 1596 εὐείμονε

796 1659 843 1672 ·-
863 1659 911 1672 ·—
932 1661 978 1672 -
999 1624 1044 1696 εἷς
1066 1621 1137 1704 ὄψον
1160 1628 1279 1702 μολεῖν.

413 1733 471 1792 aut
493 1723 571 1803 ἔδοξ’
591 1726 686 1803 ῖδεῑν,
709 1724 829 1792 ἐδοκονν
852 1729 1088 1809 sperneremus
1111 1733 1209 1804 sunt,
1233 1725 1420 1812 sequiorum
1443 1723 1533 1804 ἔδοξε
1548 1725 1602 1793 tio

412 1829 568 1909 γνοοοῖνοῖς
588 1853 641 1911 μοι
659 1832 858 1912 προσελθεῖν,
879 1841 915 1899 ul
938 1831 973 1898 in
990 1830 1051 1898 hoc
1073 1831 1143 1918 ipso
1161 1831 1234 1902 'loco
1256 1831 1413 1899 Lucnnns·
1428 1831 1603 1918 scripserat

413 1934 521 2021 paullo
547 1945 623 2002 ante
653 1933 754 2012 ἔδοξεν
778 1938 803 2013 ἦ.
827 1936 1030 2018 ’Δοκοτέλονς
1052 1939 1131 2016 γυνη
1166 1933 1322 2010 trierim
1341 1937 1369 2002 ei
1396 1937 1450 2004 τὸν
1477 1937 1601 2012 Σκύθην
1736 2017 1737 2026 ¹

413 2045 561 2106 νελεῦσοοο
593 2043 691 2108 εἰπεῖν
722 2041 893 2121 Ἀθηναῖοις
922 2044 1015 2120 teri„
1042 2041 1129 2130 quod
1159 2041 1239 2112 satis
1272 2048 1418 2114 nostram
1442 2041 1602 2110 rationem

414 2143 600 2212 confirmat.

459 2247 522 2329 Qui
546 2249 703 2316 Lcmnsmr
724 2248 898 2336 diligenter
913 2267 990 2318 cum
1003 2249 1273 2338 Antiquis‚quns
1291 2251 1451 2329 imitatur,
1474 2271 1601 2337 compa·

413 2350 500 2419 rabit
522 2361 556 2420 et
581 2353 738 2421 librmnm
765 2355 946 2441 scripturas
973 2355 1006 2422 in
1030 2355 1168 2442 singulis
1193 2354 1336 2422 excutiet
1357 2363 1390 2424 et
1416 2356 1601 2426 aestimabit
1736 2361 1737 2370 ’

413 2466 447 2525 et
479 2457 521 2524 ad
554 2457 847 2526 Grammaticorum
884 2461 1070 2528 testimonia
1103 2461 1211 2546 exiget
1246 2467 1279 2527 et
1308 2468 1478 2546 poetarum
1514 2460 1600 2528 locos

411 2570 517 2634 metro
537 2561 718 2632 stabiliores
738 2563 924 2643 adhibebit,
948 2564 1037 2634 brevi
1061 2565 1219 2652 intelliget
1237 2563 1395 2652 quidquid
1418 2565 1600 2634 scribarum

414 2676 545 2756 captum
567 2678 720 2757 superat,
745 2669 903 2758 quidquid
924 2671 1145 2758 exquisitioris
1161 2669 1313 2738 dictionis
1337 2678 1395 2736 aut
1411 2670 1603 2738 elocutionis

414 2775 586 2842 servabant
603 2783 744 2855 vetares,
764 2774 914 2843 Graeculi
939 2774 1062 2846 dudum
1083 2777 1279 2854 amiserant,
1301 2794 1375 2841 raro
1398 2775 1545 2844 illaesum
1568 2785 1601 2844 et

416 2879 606 2947 inviolatum
621 2882 814 2952 exterorum
836 2880 987 2948 manibus
1005 2880 1105 2959 elabi,
1129 2879 1185 2948 sed
1209 2879 1258 2948 vel
1281 2879 1399 2967 retingi
1421 2879 1461 2948 ad
1484 2902 1601 2950 novam

411 2984 563 3072 loquendi
585 2985 853 3052 consuetudinem
884 2992 918 3052 et
937 2985 1150 3072 componendi
1170 3004 1285 3063 usum,
1308 2985 1359 3052 vel
1392 3006 1525 3074 prorsus
1546 2985 1600 3054 de·

410 3089 472 3156 leri
491 3096 525 3155 et
542 3088 708 3158 obliterari
729 3089 916 3169 substitutis
934 3090 1070 3160 noviciis
1096 3088 1209 3158 formis
1229 3097 1286 3158 aut
1313 3089 1436 3169 verbis,
1458 3090 1508 3158 rel
1527 3111 1601 3160 nne·

410 3194 479 3260 rari
507 3194 805 3280 interpretamentis
835 3199 868 3260 et
903 3192 1037 3260 insulsis
1068 3193 1297 3266 additamentis
1329 3194 1489 3283 impediri.
1545 3195 1600 3266 Sic

411 3313 487 3386 pars
507 3298 660 3384 antiquae
676 3297 807 3384 linguae
819 3297 995 3385 disperiit,
1019 3318 1094 3386 pars
1112 3319 1210 3386 aegra
1228 3306 1261 3366 et
1279 3301 1448 3387 inquinata
1459 3301 1598 3371 circnm-

411 3401 535 3470 iertur:
567 3401 652 3490 quod
676 3421 788 3493 rerum
810 3410 912 3470 estet
941 3422 1059 3472 sanum
1080 3405 1115 3470 ln
1138 3405 1263 3491 ingenti
1282 3403 1439 3472 librorum
1464 3425 1601 3478 numero.

409 3515 445 3576 et
463 3508 597 3574 testium
620 3515 798 3595 utcumque
816 3509 1077 3578 dissentientium
1097 3509 1306 3579 multitudine
1332 3508 1468 3578 subinde
1496 3512 1600 3586 tenui·

412 3613 473 3681 bus
506 3613 562 3680 sed
584 3615 683 3681 certis
711 3615 857 3701 vestigiis
887 3614 1035 3706 indagari
1062 3623 1167 3702 potest
1195 3625 1226 3684 et
1258 3614 1314 3682 ubi
1347 3614 1446 3684 semel
1477 3623 1600 3684 rectam

412 3721 498 3787 riam
526 3719 572 3787 sis
605 3720 772 3806 ingramus
805 3720 891 3808 qnod
914 3721 1049 3808 periisse
1072 3719 1242 3790 videbatur
1276 3721 1403 3788 renasci
1426 3728 1530 3808 potest
1561 3741 1601 3790 ex

410 3825 686 3912 certamimis,
709 3834 767 3892 aut
789 3845 829 3893 ex
848 3827 1076 3914 antiquissimis
1101 3825 1311 3914 corruptelis,
1335 3845 1416 3912 quas
1436 3827 1600 3895 nemoite-

409 3949 485 4000 rum
508 3938 679 4010 attrectat,
707 3937 764 3998 ant
785 3949 825 3998 ex
846 3938 959 4016 poetae
980 3930 1049 3998 loco
1071 3938 1128 4001 aut
1151 3951 1168 3997 a
1190 3931 1408 4001 Grammatico
1436 3931 1469 3996 in
1492 3930 1600 4006 lucem

408 4035 563 4103 cernent-i.
609 4034 771 4114 Quorsum
791 4033 895 4102 bacci
927 4043 964 4102 ut
985 4035 1116 4102 trenno
1139 4037 1310 4108 restituam
1332 4037 1482 4122 antiquas
1505 4055 1600 4123 quas·

411 4139 485 4205 dam
514 4136 651 4216 formas,
674 4157 755 4224 quas
777 4137 888 4206 sedulo
910 4138 1060 4208 Graeculi
1083 4159 1140 4227 pro
1163 4149 1260 4228 captu
1282 4162 1342 4212 suo
1360 4141 1481 4228 ubique
1502 4149 1535 4210 et
1551 4141 1600 4208 illi

409 4232 444 4310 ¹et
466 4242 604 4309 caeteris
623 4243 773 4310 omnibns
795 4253 994 4313 exemerunt
1029 4242 1172 4316 Verbum
1188 4249 1265 4331 xptos
1287 4247 1466 4334 penultima
1489 4246 1600 4333 longa,

411 4349 510 4439 (unde
530 4348 623 4432 χοεῖω
647 4348 702 4415 hic
725 4348 791 4417 illic
819 4353 987 4440 apparet),
1012 4351 1125 4421 habuit
1146 4352 1223 4420 olim
1247 4352 1384 4424 formam
1408 4371 1505 4418 unam
1529 4371 1599 4420 nm-

410 4455 507 4524 nibns
536 4456 690 4524 usitatam
713 4456 873 4538 κέχρηντο.
920 4457 1080 4526 Producta
1099 4457 1278 4546 penultima
1305 4457 1488 4546 respuite,
1512 4456 1598 4544 quod

410 4563 575 4649 sequiores
605 4558 824 4638 interserunt,
853 4561 1024 4646 νέχοοσμοοο
1054 4561 1220 4642 dicentes,
1242 4561 1327 4650 quod
1361 4572 1428 4631 tam
1461 4581 1599 4651 pravum

409 4676 461 4734 est
495 4676 590 4755 atque
613 4667 805 4751 νενῖνιτμοοο.
842 4669 1069 4755 Κεκρομένοε,
1100 4669 1289 4762 κεκονιμένος
1323 4668 1442 4738 Graeca
1462 4675 1538 4736 sunt
1561 4674 1600 4741 ut
