3767 5717
877 577 942 643 207

318 778 463 862 άπάφηνε
495 777 657 859 προφήτης
689 772 742 839 aul
774 770 950 853 άιιιοάρχης
984 772 1038 837 καὶ
1070 772 1274 853 ξυναγωγεὺς
1301 773 1354 838 scel
1381 774 1491 842 πάνπιι

317 882 407 960 μόνος
429 882 523 953 adria
542 879 590 944 ὥν.
617 879 669 943 acl
690 878 749 943 ’πῶν
773 874 897 956 βίβλων
923 876 984 949 τάς
1008 878 1066 955 μὲν
1085 876 1229 955 ἐξηγεῖτο
1250 877 1304 943 xci
1323 878 1490 962 διεσάφει,

316 986 440 1057 πολλάς
462 987 493 1050 δὲ
516 986 610 1057 οιύπδς
630 984 683 1047 acl
704 981 885 1063 ξννέγροιφε
900 980 954 1046 acl
974 983 1013 1054 άς
1031 982 1095 1047 άεδν
1115 983 1210 1047 οιύπδν
1231 982 1337 1046 ἐκεῖνοι
1355 984 1487 1060 ἡγοῦντο

313 1089 366 1154 sat
397 1090 541 1172 νομοάέπη
564 1090 698 1170 ἐχρῶντο
722 1086 774 1151 κον)
802 1085 961 1166 προςάπην
981 1086 1174 1169 ἕπὲγροοφον.
1207 1087 1259 1151 πδν
1282 1085 1388 1164 μένον
1411 1091 1488 1165 γοῦν

312 1194 425 1259 ἐκεῖνον
458 1192 503 1257 ἔπι
533 1192 660 1271 σέβουσι
689 1192 741 1256 τὸν
770 1188 924 1271 άνάριοπον
953 1192 1005 1256 πδν
1029 1194 1060 1255 ἐν
1085 1201 1124 1274 πη
1149 1190 1328 1273 nunciata„
1351 1191 1489 1257 άνοιοκο-

311 1297 516 1373 sarratam,
549 1294 595 1362 ὅτι
625 1296 732 1370 ιοοιινην
754 1296 874 1371 ποιύπην
899 1296 1031 1369 τελετὴν
1056 1298 1232 1375 εἰσήγαγεν
1258 1296 1301 1367 εἰς
1328 1296 1380 1359 τὸν
1405 1294 1486 1374 βίον.

312 1400 451 1467 Librarii
471 1402 520 1468 his
542 1402 646 1468 serbis
667 1400 741 1490 plus
761 1399 946 1465 detrimenti
965 1400 1145 1466 attulerunt
1164 1423 1260 1490 quam
1280 1399 1412 1463 fanatici
1428 1398 1488 1464 ho-

310 1511 499 1577 munciones
525 1506 713 1575 Christiani:
750 1506 784 1572 hi
812 1506 899 1571 enim
927 1527 1050 1571 summa
1073 1529 1134 1596 ope
1158 1505 1266 1570 delere
1289 1504 1409 1571 librum
1430 1528 1489 1571 ne·

312 1614 490 1703 quidquam
520 1612 626 1678 conati
655 1624 744 1690 sunt,
778 1611 828 1676 illi
857 1612 901 1676 ita
930 1610 1127 1690 afflixerunt,
1161 1622 1196 1676 ut
1223 1610 1302 1701 quid
1323 1610 1492 1677 Locnaus

312 1716 428 1783 dixerit
447 1740 510 1782 non
533 1717 739 1807 intelligatur.
776 1717 822 1784 dc
841 1719 982 1809 primum
1006 1718 1138 1809 quidem
1161 1729 1331 1809 transpone
1353 1720 1406 1783 xci
1430 1720 1488 1785 οὐ·

311 1824 364 1895 πδς
388 1823 568 1905 ἔννέγριιφε
598 1845 658 1913 pra
686 1825 780 1896 οὑπδς
808 1825 880 1898 acl,
916 1825 1034 1892 deinde
1064 1824 1207 1914 expende
1237 1846 1277 1890 an
1307 1823 1388 1889 haec
1416 1844 1490 1889 vera

313 1927 411 1993 lectio
443 1950 509 1995 esse
539 1930 703 1995 ridentum
736 1930 790 1993 aral
824 1932 862 2000 ὡς
891 1930 957 1995 άεδν
988 1930 1083 2009 curta
1114 1931 1238 2012 ηδοῦνπο
1264 1930 1318 1993 κιο)
1343 1928 1489 2010 νομοάέπη

313 2033 446 2111 ἐχρῶντο
479 2034 531 2096 usi
559 2033 717 2113 προςάτην
742 2032 971 2115 ἐπεγράφοντο.
1001 2033 1087 2112 μετά
1111 2040 1187 2112 γοῦν
1214 2035 1331 2099 ἐκεῖνον
1357 2031 1403 2097 ἔπι
1429 2032 1489 2099 ‘ct—

310 2136 401 2213 βονοι
435 2136 487 2201 clv
519 2134 673 2220 άνάροιπον
709 2139 775 2203 κπὲ.
828 2140 868 2204 Ιιι
896 2138 1115 2221 ἐπεγράφοντο
1147 2138 1329 2203 Britannus
1358 2159 1489 2228 quoque

311 2240 445 2321 incidit,
469 2243 502 2307 in
531 2243 663 2309 caeteris
691 2266 816 2325 errans3
836 2244 923 2323 μετά
945 2249 1021 2323 γοῦν
1043 2244 1158 2308 ἐκεῖνον
1182 2242 1305 2309 dictum
1327 2243 1374 2309 est
1396 2255 1434 2308 ut
1454 2243 1488 2308 in

312 2348 417 2415 Pluto
442 2352 517 2415 250.

528 2450 582 2515 ,κοιὶ
608 2452 664 2527 πην
687 2460 827 2531 γυναῖκά
849 2453 902 2518 κιιὶ
929 2454 982 2517 πδν
1007 2452 1070 2517 οἷὸν
1093 2452 1145 2517 πδν
1168 2452 1259 2531 μάνον
1302 2508 1312 2517 ,

418 2578 426 2597 ·
530 2551 561 2621 ὃν
585 2556 647 2633 ἐγὼ
671 2561 755 2637 φιλῶ
777 2557 908 2633 plasea
931 2556 1031 2633 μετά
1060 2556 1111 2621 σέ.

308 2668 433 2726 caetera
460 2683 592 2750 quoque
623 2660 731 2727 omnia
760 2672 824 2726 tarn
854 2662 1022 2752 perspicua
1049 2672 1141 2741 sunt,
1173 2673 1209 2726 ut
1233 2682 1299 2725 non
1325 2660 1366 2725 sit
1387 2661 1490 2727 inter-

305 2775 396 2855 prete
415 2787 503 2855 opus.
552 2767 628 2853 ln§
656 2771 704 2833 12.
728 2768 755 2831 ci
780 2769 936 2848 Χριςινινο)
962 2767 1131 2849 συμφοράν
1150 2766 1323 2845 ποιούμενοι
1345 2768 1381 2832 πὸ
1407 2771 1487 2849 πρά-

308 2894 383 2949 μμοι
406 2870 515 2936 πάνπιι
538 2874 665 2953 ἐκίνουν,
688 2874 832 2964 suspicor
852 2872 1027 2964 legendum
1047 2895 1115 2939 esse
1132 2872 1241 2939 πάνπιι
1257 2872 1341 2937 λίθον
1358 2871 1485 2946 ἐκίνουν,

310 2986 346 3039 ut
377 2974 504 3043 Graecis
525 2978 668 3047 solemne
690 2992 736 3046 est
751 2979 873 3045 dicere.
921 2979 959 3044 In
980 2982 999 3064 §
1023 2975 1292 3043 13·rehementer
1310 2974 1391 3040 mihi
1411 2987 1485 3041 sunt

305 3081 374 3151 sirii
401 3096 550 3175 suspecta
580 3084 659 3151 haec
689 3086 800 3154 rerba:
834 3086 864 3149 ἐν
899 3084 1026 3166 βραχεῖ
1055 3082 1119 3162 γάρ
1147 3082 1312 3163 ἀφειδοῦσι
1338 3079 1482 3156 πάντων,

303 3188 377 3277 quia
401 3191 431 3253 ἐν
451 3192 589 3272 βροχεῖ,
616 3192 703 3282 qnod
726 3214 852 3282 semper
872 3189 1032 3279 significat
1052 3189 1161 3265 brevi,
1188 3207 1275 3251 nnnc
1292 3187 1484 3276 necopinato

303 3304 350 3365 est
377 3293 462 3368 idem
492 3308 588 3385 atque
607 3298 645 3369 ὥς
668 3294 741 3369 ἔπος
765 3299 881 3369 εἰπεῖν,
908 3293 1041 3385 quodsi
1060 3293 1133 3383 quis
1154 3313 1356 3380 concoquere
1376 3304 1483 3381 potest

305 3421 371 3463 non
388 3398 483 3464 facile
503 3399 641 3490 reperiet
657 3400 782 3479 locum,
802 3400 834 3464 in
853 3422 918 3489 quo
936 3398 1075 3466 haereat.
1100 3399 1185 3463 Fieri
1200 3408 1320 3487 potest,
1338 3408 1375 3461 ut
1394 3398 1483 3488 quod

301 3500 382 3567 mihi
402 3526 494 3592 saepe
513 3504 592 3568 alibi
609 3514 656 3569 est
676 3504 878 3571 observatum
897 3503 983 3568 idem
1000 3502 1078 3567 huic
1095 3502 1168 3567 loco
1188 3524 1292 3566 reram
1308 3501 1479 3569 lectionem

303 3606 459 3672 restituat.
508 3607 630 3673 Vocula
661 3608 835 3674 est·dttiea
856 3606 1029 3687 ἔμβριιχν,
1062 3629 1126 3697 qna
1147 3607 1276 3671 Veteres
1296 3607 1482 3696 frequenter

303 3710 492 3791 utebantur,
509 3734 637 3803 quaque
658 3711 826 3778 Atticistae
849 3712 1026 3777 orationem
1047 3735 1136 3778 suam
1158 3711 1329 3790 ornabant,
1351 3725 1505 3779 auctore

301 3818 371 3907 ipso
402 3817 551 3883 Lcncrno
578 3818 610 3882 in
639 3821 727 3885 Arte
755 3818 994 3907 Rhetoricap.
1021 3820 1094 3883 139.
1114 3819 1227 3894 Banu,
1248 3814 1304 3879 ubi
1324 3818 1480 3907 exquisita

301 3923 458 4014 quaedam
478 3924 634 3989 vocabule
655 3924 759 3991 Attica
780 3925 943 4014 eleganter
963 3923 1125 4012 scripturis
1143 3922 1359 3989 commendat.
1390 3922 1480 3989 Scri·

298 4028 358 4095 bae
380 4032 523 4095 voculam
542 4031 684 4122 ignotam
705 4032 766 4097 sibi
785 4031 889 4098 solent
909 4032 982 4095 satis
1000 4041 1188 4094 constanter.
1202 4030 1374 4119 depravare
1390 4031 1475 4097 ins’v

297 4135 436 4216 βροιχεῖ,
473 4137 562 4203 cuius
593 4139 638 4203 rei
666 4139 826 4228 permulta
845 4136 991 4227 exempla
1013 4136 1075 4202 ridi
1094 4138 1129 4201 in
1151 4132 1324 4202 (lodicibus
1343 4149 1399 4201 aut
1418 4132 1477 4203 rass

296 4240 446 4306 aientium
467 4241 642 4308 lectionum
664 4244 790 4309 acer-ris.
838 4244 943 4309 Etiam
965 4243 998 4308 in
1017 4242 1083 4306 illis
1102 4242 1196 4322 locis,
1221 4242 1276 4307 nbi
1295 4242 1384 4307 docti
1404 4266 1475 4308 ma-

296 4346 384 4435 gistri
408 4369 501 4414 usum
524 4350 649 4438 antiqui
672 4350 820 4415 vocabuli
839 4347 992 4431 ἔμβραχυ
1014 4344 1215 4438 aperiebant,
1246 4350 1368 4414 scribae
1392 4348 1474 4413 nihil

297 4452 471 4541 cogitantes
492 4456 523 4518 ἕν
545 4456 670 4535 βροχεῖ
688 4455 739 4523 rel
759 4456 799 4534 ἕμ
823 4454 948 4535 βραχεῖ
966 4453 1184 4533 substituunt,
1215 4453 1303 4544 quod
1323 4454 1357 4517 in
1380 4452 1474 4519 Haa-

296 4573 504 4627 nocaarrcan
533 4559 655 4627 videbis
683 4572 715 4626 et
740 4558 920 4626 Hisrcmo.
968 4559 1138 4626 Loncmns
1156 4560 1224 4650 ipse
1245 4560 1278 4623 in
1300 4556 1472 4628 codicibus

294 4675 380 4731 certe
406 4676 519 4735 auctor
547 4680 595 4735 est
620 4667 776 4759 exquisite
808 4666 984 4758 scripturo,
1017 4677 1053 4732 ut
1084 4688 1144 4757 pro
1174 4667 1284 4740 άπλῶς
1311 4680 1411 4758 ponat
1431 4671 1469 4734 -ἕν
