3767 5717
948 557 1015 628 ttc

438 759 478 826 tn
503 756 645 828 Marsae
669 754 832 828 naama
859 755 918 833 57,
942 755 1008 830 st
1036 753 1164 836 saccata
1189 751 1571 854 sacracramenta

398 867 583 948 οννέκετοον,
616 861 841 952 corrigendum
869 872 917 925 est
945 858 1143 942 taarcrdrp.
1194 857 1294 943 Quam
1315 879 1409 950 saepe
1428 859 1462 925 in
1481 882 1573 928 com·

395 971 546 1064 paratinis
564 981 598 1035 et
617 969 816 1060 superlativis
835 965 986 1038 adverbia
1008 977 1040 1032 et
1056 965 1211 1039 adientira
1228 965 1311 1035 male
1329 966 1572 1042 confundantur

397 1099 492 1166 snpra
521 1074 738 1148 ostendimus,
765 1073 882 1164 quibus
904 1072 969 1136 duc
991 1071 1052 1136 alia
1072 1071 1216 1162 exempla
1238 1093 1275 1136 er
1298 1070 1480 1146 lanuttcut
1500 1078 1572 1141 cita

397 1182 618 1270 Pythagorae
646 1180 793 1248 adiiciam
823 1179 856 1245 in
884 1181 904 1264 §
934 1181 983 1243 16.
1003 1177 1054 1242 τόν
1079 1202 1115 1242 τε
1139 1177 1323 1258 τρόονοοτον
1348 1179 1571 1260 εὐφημότατον

396 1291 495 1352 πλοῖον
525 1285 726 1362 irridemur,
748 1284 813 1350 imo
835 1306 908 1349 sero
929 1282 1142 1364 εὐφημότατα
1161 1293 1193 1346 et
1211 1287 1229 1370 §
1253 1285 1303 1346 19.
1321 1284 1391 1350 decia
1411 1283 1572 1364 θρησκείαν

396 1387 605 1462 ἐντελετοίτνν
631 1390 792 1467 ἕκονονθών,
818 1388 940 1477 corrige
966 1386 1171 1456 ε’ντελέτοοτοο.
1221 1386 1321 1452 Paulo
1340 1399 1413 1477 post
1433 1389 1467 1452 ri
1490 1389 1571 1468 οὐρο·

396 1494 510 1572 atara
545 1491 718 1560 oscitanter
747 1517 765 1558 a
795 1492 985 1559 lsccutrctc
1019 1491 1179 1556 invectum
1211 1491 1391 1566 cussanus
1421 1491 1572 1559 festinans

396 1599 530 1666 retinuit
557 1621 616 1688 prc
643 1598 877 1693 rcdpporc'yrors
920 1596 1053 1666 Caetera
1073 1595 1217 1662 Laenas
1238 1598 1353 1688 scripta
1378 1620 1478 1687 quum
1499 1597 1573 1665 satis

398 1704 570 1794 diligenter
605 1705 638 1770 in
676 1706 894 1795 superioribus
926 1702 1136 1782 excusserim,
1164 1725 1251 1768 nnnc
1283 1704 1323 1768 ad
1354 1704 1441 1768 aliud
1467 1702 1573 1794 quod·
1633 1755 1642 1773 .

399 1811 473 1888 dam
501 1831 601 1898 genus
630 1810 893 1886 observationumv
916 1808 1252 1902 palaeographicarum
1286 1811 1426 1879 transibo
1452 1823 1482 1876 ct
1503 1809 1573 1898 pri-

399 1938 489 1994 munt
510 1915 551 1983 de
573 1916 846 2007 praepositionum
869 1915 1080 2008 quarumdam
1101 1915 1187 2004 siglis
1206 1927 1240 1988 et
1258 1915 1451 2006 compendiis
1470 1913 1570 1981 disso-

297 2085 301 2092 .
398 2044 483 2100 ram,
504 2021 622 2110 quihus
638 2024 721 2090 inter
735 2047 768 2088 se
787 2035 907 2089 temere
923 2023 1064 2098 confusis
1082 2034 1114 2088 ct
1125 2021 1410 2112 permistismagna
1421 2020 1573 2089 tiliorum

398 2138 432 2196 et
460 2125 652 2194 mendorum
682 2141 808 2196 caterra
839 2129 1008 2219 scriptores
1037 2138 1157 2196 veteres
1186 2127 1302 2198 inrasit
1328 2139 1360 2194 et
1388 2127 1574 2198 etiamnunc

402 2231 548 2311 obsidet,
581 2255 664 2322 quae
690 2233 798 2301 omnia
826 2257 893 2300 non
920 2257 1037 2323 magno
1058 2232 1167 2300 labore
1188 2234 1407 2323 unusquisque
1430 2231 1523 2297 tollet
1540 2243 1572 2298 et

400 2337 542 2415 sanabit,
586 2339 643 2429 qui
678 2339 770 2404 uirus
806 2339 1081 2405 observationibus
1115 2339 1387 2430 palaeogmphicis
1416 2338 1511 2404 certis
1543 2347 1576 2402 et

398 2444 594 2524 manifestis,
629 2445 928 2536 Graecaelinguae
956 2445 1122 2535 ingenium
1152 2458 1183 2511 et
1211 2459 1357 2534 naturam
1386 2459 1418 2512 et
1445 2445 1574 2514 dicendi
1635 2457 1637 2462 '

397 2572 491 2619 usum
521 2573 559 2616 ac
587 2554 817 2644 proprietatem
847 2577 920 2620 sana
953 2553 1074 2618 ratione
1102 2564 1133 2618 et
1159 2565 1253 2620 acuto
1281 2552 1401 2618 indicio
1426 2576 1463 2622 ex
1495 2553 1574 2620 locis

396 2655 590 2745 incorruptis
618 2657 788 2731 collectam
818 2671 849 2723 et
877 2670 1077 2749 perspectam
1103 2657 1234 2724 audebit
1254 2658 1416 2726 vindicare
1438 2671 1470 2724 et
1492 2658 1574 2728 tueri

399 2758 548 2827 adrersns
576 2763 710 2830 istorum
740 2764 886 2829 omnium
906 2765 1149 2841 anctoritatem,
1173 2766 1229 2853 qni
1248 2763 1390 2843 librarii,
1414 2777 1573 2832 correcto·

400 2889 450 2932 res
460 2916 469 2946 ,
486 2866 577 2934 scioli
597 2894 692 2936 omne
712 2893 810 2960 genus
826 2869 1015 2936 incredibili·
1026 2869 1149 2936 inscitia
1170 2880 1201 2934 et
1217 2868 1347 2935 levitate
1363 2869 1412 2936 usi
1428 2871 1576 2938 omnibns

399 2971 503 3041 modis
518 2974 755 3065 interpolarunt
770 2988 979 3045 monumenta
996 2973 1211 3063 antiquitatis,
1228 2997 1365 3062 quornm
1384 2975 1428 3040 ita
1445 2976 1576 3040 demum

401 3077 565 3145 fructuosa
594 3081 653 3146 erit
682 3081 924 3172 interpretatio,
958 3080 1097 3159 sicam,
1116 3089 1151 3144 ut
1174 3079 1435 3162 Qntccmttttca
1456 3079 1577 3148 alicubi

397 3183 571 3273 praecipit,
592 3186 769 3252 emendata
784 3189 881 3252 lectio
893 3187 1220 3278 praecedet,.neque
1237 3186 1413 3276 quidquam
1431 3185 1573 3252 humano

399 3287 530 3376 iugenio
561 3301 593 3354 et
615 3291 731 3359 rationi
751 3293 959 3382 perniciosius
980 3289 1112 3381 reperiri
1130 3313 1223 3380 posse
1245 3291 1392 3371 arbitror,
1417 3313 1512 3380 quam
1530 3315 1573 3358 aa

399 3393 604 3483 interpretari
623 3408 655 3461 et
676 3397 737 3462 sibi
752 3398 933 3488 intelligere
955 3396 1075 3475 rideri,
1089 3419 1171 3488 qnae
1192 3397 1267 3486 quia
1283 3399 1374 3461 sensu
1389 3406 1574 3470 racuasttnt

400 3499 443 3567 ab
463 3523 540 3566 sano
562 3499 693 3567 homine
717 3497 855 3592 intelligi
876 3526 941 3569 non
962 3514 1115 3594 possunt,
1135 3513 1167 3566 et
1189 3501 1348 3592 quianon
1372 3513 1502 3592 possunt
1522 3501 1575 3566 in·

400 3604 504 3698 telligi
529 3629 595 3672 nnn
627 3606 748 3672 debent
771 3608 932 3698 explicari.
981 3605 1252 3697 compendiorum
1275 3620 1307 3672 et
1328 3608 1479 3698 siglamm
1499 3628 1573 3672 usus

398 3713 435 3778 in
463 3712 631 3778 codicibus
659 3726 706 3779 est
736 3715 945 3804 perantiquus
978 3726 1009 3778 et
1031 3713 1085 3804 qui
1106 3712 1201 3802 primi
1223 3715 1266 3784 εἰς
1289 3712 1391 3792 τάχος
1413 3711 1572 3794 ἔγραφον,

401 3828 437 3883 ut
465 3818 598 3909 opinor,
630 3818 693 3884 iam
725 3833 902 3911 coeperunt
929 3819 988 3884 illo
1014 3818 1111 3884 modo
1137 3841 1264 3908 operam
1285 3818 1573 3908 conpendilacere‚

400 3922 488 3988 unde
517 3923 594 3988 olim
617 3924 774 3990 nonnulla
796 3942 923 4016 recepta
943 3937 1018 3990 sunt
1038 3926 1078 3989 ab
1098 3923 1180 4000 illis,
1205 3923 1261 4012 qui
1282 3925 1324 3994 εἷς
1352 3925 1470 3997 stator
1493 3925 1573 4006 Wol-

399 4033 474 4111 φεον
493 4027 689 4096 dicebantur.
722 4031 796 4096 Vidi
812 4031 949 4121 Neapoli
967 4031 1084 4095 librum
1103 4029 1256 4119 scriptum
1275 4039 1445 4117 antequam
1466 4029 1574 4096 Chris-

400 4145 453 4199 tns
482 4145 643 4200 natusest
672 4159 711 4201 ex
740 4137 970 4207 Herculanensi
1000 4136 1095 4202 exitio
1125 4147 1298 4212 serratum,
1321 4134 1354 4199 in
1376 4157 1441 4224 quo
1461 4148 1493 4200 et
1513 4134 1573 4202 alia

401 4237 586 4306 huiusmodi
614 4242 739 4308 inerant
768 4254 800 4309 et
830 4241 1057 4334 compendium
1085 4239 1329 4333 praepositionis
1359 4240 1452 4321 τορός,
1482 4241 1573 4306 cuins

400 4346 531 4437 vestigia
560 4360 636 4413 sunt
663 4348 698 4413 ia
728 4351 873 4414 omniurn
901 4348 1057 4414 librorum
1088 4347 1260 4438 scripturis.
1310 4345 1387 4429 Quis
1414 4346 1499 4412 enim
1525 4359 1574 4413 est

398 4454 538 4544 scriptor
568 4455 727 4533 Graecus,
759 4455 792 4518 in
823 4477 887 4545 qno
907 4477 972 4520 non
994 4465 1144 4545 appareat
1163 4453 1317 4536 τροὶττενν
1336 4464 1367 4517 ot
1387 4451 1573 4534 προτάττειν
1628 4505 1630 4510 .

400 4560 534 4624 conlnsa
561 4581 628 4624 esse
656 4570 712 4624 ant
733 4563 872 4640 τοοῖγμοο
896 4571 928 4626 et
951 4559 1153 4644 apdsatrtttt?
1199 4559 1238 4624 ln
1262 4560 1413 4626 Lucrino
1436 4563 1496 4639 tt,
1523 4561 1576 4626 16.

404 4663 559 4732 edebatur
586 4665 664 4733 olim
688 4663 875 4749 ἀνδράποδον
904 4661 1035 4748 εἶχε-
1054 4667 1149 4746 μηδὲν
1178 4666 1309 4748 νίνχρὸν
1334 4651 1576 4747 transetum
