3767 5717
852 599 915 664 337

302 802 398 886 Φέναι
412 798 465 864 καὶ
482 769 642 864 δεδωκέναι
659 792 805 874 πληγοές,
822 791 909 858 idem
924 786 1228 857 dtttltutttus'dirit
1244 783 1328 876 apud
1347 781 1474 850 dsunt.

305 904 393 972 XIII.
414 927 445 993 p.
465 907 541 972 555.
571 899 662 964 cuius
682 899 789 964 Iocum
816 920 880 964 non
903 895 1059 987 gratabor
1080 893 1274 972 describere,
1304 904 1339 957 ut
1359 891 1473 956 ritiurn

271 1022 273 1027 '
302 1011 449 1077 eximam.
493 1004 686 1087 Ἀντιφάνης
716 1005 731 1068 i
761 1004 984 1085 κωμῳδιοποιὸς
1013 1003 1051 1074 ὥς
1085 998 1299 1078 ανεγίγνωσκέ
1325 1019 1396 1062 τινα
1429 996 1473 1076 τῷ

301 1117 437 1194 βασιλεῖ
457 1110 651 1192 Ἀλεξάνδρῳ
676 1114 736 1175 τῶν
760 1110 871 1174 ἑαυτοῦ
896 1109 1057 1189 κωμῳδιῶν
1082 1107 1095 1170 ὁ
1120 1107 1150 1171 δὲ
1172 1107 1262 1178 δήλος
1281 1097 1314 1177 ἦν
1337 1103 1369 1166 ού
1390 1098 1474 1166 πύνν
1580 1149 1582 1154 .

302 1245 334 1286 τι
356 1217 606 1298 οέποδεγήύμενος,
633 1216 682 1280 δεῖ
707 1215 788 1297 γὰρ,
818 1212 948 1296 ἔφησεν,
975 1207 996 1275 ὦ
1021 1211 1175 1290 βασιλεῦ,
1199 1209 1251 1272 τὸν
1277 1208 1370 1271 ταῦτ’
1396 1206 1475 1270 oinc-

303 1323 472 1405 δεχόμενον
501 1323 566 1388 cirri
595 1320 763 1399 συμβολῶν
796 1342 834 1384 τε
866 1317 1022 1388 πολλοέιιις
1061 1311 1289 1388 δεδειπνηκέναι
1319 1309 1372 1374 καὶ
1406 1307 1474 1388 περὶ

304 1429 431 1511 έταέρας
456 1425 623 1499 πλεονάκις
648 1425 701 1490 καὶ
726 1422 891 1506 εἰληφέναι
917 1422 970 1486 καὶ
997 1417 1157 1486 δεδωκέναι
1183 1413 1331 1494 πληγοές,
1367 1424 1400 1479 nt
1426 1412 1477 1477 di·

306 1546 393 1600 xerat
415 1536 468 1599 τδν
490 1534 584 1597 ταῦτ’
607 1529 843 1608 ἀποδεξάμενον.
892 1524 931 1590 Ιιι
953 1523 1083 1616 passivis
1105 1523 1266 1601 τύπτομαι
1288 1531 1320 1585 et
1341 1519 1475 1598 παιομαι

306 1641 420 1707 crebro
440 1647 627 1714 occurrant,
652 1648 686 1701 ιιι
710 1635 744 1699 in
767 1635 918 1704 Nubibus
941 1657 985 1700 rs.
1011 1636 1083 1700 494.

418 1745 489 1828 φέρ’
511 1741 579 1817 ἴδω,
604 1742 636 1808 σι’
658 1743 749 1825 δρᾷς,
775 1741 809 1817 ήν
832 1740 879 1812 τίς
905 1764 941 1805 σε
964 1739 1085 1821 τύπτης
1115 1773 1154 1788 ·-
1178 1733 1353 1810 τύπτομαι.

305 1850 481 1943 etxpassim
509 1847 594 1939 apud
620 1870 740 1913 omnes.
789 1845 946 1911 rutarum
971 1855 1019 1910 cst
1045 1839 1252 1919 πληγήσομαι
1273 1858 1332 1926 pro
1352 1834 1478 1912 πληγήν

305 1958 451 2038 λήψομαι
483 1951 794 2043 frequentissimum,
826 1952 922 2017 utin
952 1949 1053 2016 nobiti
1080 1946 1153 2013 loco
1178 1943 1410 2008 Drnosrnnns
1439 1938 1481 2004 da

312 2059 442 2127 Corona
461 2062 597 2150 pult,
616 2062 669 2122 24.
700 2059 791 2135 λαγὼ
817 2056 885 2135 βίον
909 2055 978 2139 ἔζης
1005 2055 1105 2126 δεδιὼς
1130 2049 1182 2116 καὶ
1209 2045 1402 2130 τρέμωνκαὶ
1428 2043 1477 2110 ἀεὶ

307 2165 528 2245 πληγήσεσθαι
552 2164 732 2244 προσδοκῶν.
782 2160 843 2226 I’ro
864 2159 994 2238 πληγὰς
1015 2159 1160 2238 λήψομαι
1182 2152 1267 2244 apud
1288 2151 1412 2218 Atticos
1430 2171 1481 2216 se·

307 2271 372 2340 mel
393 2269 533 2336 occurrit
551 2269 770 2345 τυπτήσομαι,
797 2265 829 2330 in
854 2266 1014 2333 Nubibus
1030 2265 1124 2328 1379.
1146 2251 1147 2256 ’

323 2375 327 2383 ’
630 2374 706 2437 αλλ’
730 2367 815 2444 αύύις
840 2367 880 2438 αύ
902 2369 1117 2446 τυπτήσομαι.

309 2479 366 2544 nbi
394 2478 470 2542 olim
500 2477 681 2553 τνπήσομαι
712 2476 925 2554 scribebatur,
960 2475 1000 2540 ab
1025 2469 1065 2539 iis
1083 2472 1281 2564 proiectum,
1310 2467 1366 2560 qui
1390 2466 1480 2558 pueri

302 2585 353 2649 'ita
373 2579 625 2648 didiceruntsed
645 2581 830 2646 nesciebant
852 2580 969 2656 έπύπήν
989 2579 1135 2644 Ionicum
1158 2587 1190 2643 ct
1211 2575 1374 2666 poeticum
1396 2595 1482 2650 esse,

309 2672 490 2766 τοπήσομαι
519 2707 675 2774 nusquam
702 2685 847 2751 locorum
869 2707 909 2750 nc
932 2684 1018 2775 apud
1038 2683 1111 2750 illos
1130 2681 1260 2773 quidam
1280 2692 1415 2748 exstare:
1450 2689 1482 2742 at

311 2793 460 2882 frequens
481 2789 656 2858 admodum
676 2803 723 2857 est
748 2794 894 2873 λήψομαι
915 2790 1058 2874 πληγοές.
1108 2789 1287 2854 Perfectum
1316 2807 1374 2877 pro
1400 2797 1482 2858 πλη·
1518 2813 1521 2822 ·

311 2901 371 2977 γήν
396 2898 516 2979 εἴληφα
537 2907 584 2962 est
604 2896 814 2976 πέπληγμαι,
842 2896 994 2963 omuibus
1014 2895 1132 2985 pariter
1152 2894 1184 2958 in
1206 2913 1282 2974 usu,
1308 2887 1483 2965 veteribus,

311 3002 553 3070 recentioribus.
601 3000 749 3067 Occurrit
768 3002 863 3070 ctiam
884 3005 1011 3082 πληγήν
1032 3001 1114 3082 έχω,
1142 2997 1227 3090 quod
1249 3017 1376 3088 prorsus
1396 2995 1482 3060 idem

312 3121 368 3176 est.
426 3108 641 3174 dntiatticista
676 3107 829 3174 Bruxrnr
862 3107 986 3176 Anecd.
1015 3103 1041 3173 I.
1071 3129 1104 3196 p.
1133 3107 1212 3182 111,
1242 3107 1294 3168 27.
1328 3101 1483 3180 πληγήν

231 3195 234 3207 ’
311 3214 426 3295 ἔχοντ
450 3215 519 3280 cirri
540 3219 594 3280 τοῦ
611 3212 816 3295 τετρωμένος,
834 3215 1089 3295 Ἀναξανδρίδης,
1110 3210 1197 3302 quod
1220 3208 1340 3300 optima
1360 3207 1484 3272 dictum

311 3328 373 3395 est,
396 3329 433 3383 ut
451 3322 581 3399 τραῦμα
604 3317 702 3398 ἔχων,
728 3320 854 3385 ὑπώπια
877 3317 979 3400 ἔχειν,
1007 3317 1139 3384 ἔλαττον
1163 3316 1267 3397 ἔχειν,
1295 3337 1376 3406 quae
1399 3313 1484 3379 idem

312 3422 493 3510 significant
511 3433 608 3510 atque
627 3423 833 3503 τετρωμένος,
857 3421 1073 3499 ύπωπιοέσύαι,
1099 3419 1332 3495 ήλλαττύσύαι.
1370 3419 1486 3484 Forma

140 3516 141 3562 ³
235 3585 243 3599 .
314 3529 516 3605 τετύπτημαι
546 3539 579 3591 et
602 3526 679 3592 hinc
704 3537 814 3592 natum
839 3528 1013 3602 ἐτνπτήύην
1033 3525 1118 3614 apud
1141 3525 1302 3614 sequiorcs
1324 3524 1398 3590 satis
1422 3524 1486 3589 sre-

314 3643 451 3722 quentcr
471 3644 658 3718 occurrunt,
677 3633 763 3723 apud
787 3632 915 3698 Veteres
932 3642 964 3697 ct
979 3631 1129 3722 probatos
1145 3633 1313 3721 scriptores
1329 3650 1486 3720 nusquam

315 3735 395 3802 mihi
423 3736 504 3802 lecta
525 3749 609 3804 sunt.
661 3739 759 3804 dffert
782 3738 996 3805 Minuctnuus
1015 3738 1146 3829 quidem
1165 3762 1197 3829 p.
1223 3741 1303 3818 105,
1325 3744 1354 3803 5.
1376 3760 1394 3802 e
1413 3736 1487 3802 Mi-

316 3843 422 3909 da'ana
442 3844 656 3918 τετνπτήσύαι
685 3845 737 3909 ἐπὶ
762 3852 818 3918 τής
843 3845 997 3925 ύρχήτρας
1023 3844 1139 3922 μέσης,
1165 3842 1305 3908 sednon
1328 3843 1426 3932 magis
1450 3865 1487 3907 ea

317 3948 409 4016 rerba
425 3948 511 4039 apud
528 3949 774 4014 Brmstnnnmt
788 3951 927 4040 reperies
942 3971 1037 4039 quarn
1054 3947 1141 4040 quod
1158 3971 1195 4014 ex
1215 3949 1324 4014 cadem
1345 3949 1487 4014 oratione

318 4053 456 4120 Mettus
475 4055 565 4120 affert
585 4079 618 4144 p.
639 4057 677 4134 6,
698 4044 861 4123 8.”Bn1ttr:
885 4057 899 4120 d
925 4055 988 4137 γοδρ
1009 4057 1205 4138 Πολύζηλος,
1230 4056 1342 4138 φησιν,
1367 4057 1402 4121 ἕν.
1416 4079 1486 4120 σον·
1514 4073 1518 4082 ’

315 4159 442 4241 δείπνῳ,
475 4161 536 4239 ἐγὼ
565 4161 592 4225 δ’
616 4162 647 4225 έν
671 4161 829 4244 ἱερομηνία
857 4161 875 4236 i
904 4160 990 4225 κατέι
1018 4161 1111 4226 τύπον
1140 4163 1178 4233 ὡς
1208 4162 1355 4226 ε’νταύύα·
1385 4162 1399 4226 o‘
1429 4162 1487 4240 μὲν

316 4264 380 4345 γέιρ
395 4266 425 4328 έν
438 4264 534 4349 οἱκέρ,
555 4265 667 4347 cartu,
685 4266 812 4345 ἐπλήγη
835 4263 930 4353 (cod
948 4273 975 4331 A
993 4264 1135 4330 omniurn
1154 4265 1293 4356 optimus
1314 4266 1486 4352 έτνπτήύη)

317 4370 378 4447 ἐγὼ
403 4368 430 4433 δ’
452 4370 482 4434 έν
504 4372 583 4453 ἱερῷ.
631 4369 817 4437 Memoriter
835 4371 883 4436 illi
904 4369 1073 4438 Oratorum
1094 4373 1182 4438 locos
1202 4373 1312 4438 afferre
1333 4371 1435 4436 solent
1455 4381 1488 4434 et

316 4473 349 4540 iu
379 4471 428 4538 lris
458 4496 523 4540 uon
554 4474 722 4541 verborum
749 4475 803 4542 sed
828 4500 934 4543 rerum
955 4489 987 4542 et
1006 4479 1235 4544 sententiarum
1253 4478 1410 4543 rationem
1429 4476 1487 4542 ha·
1583 4538 1585 4544 .

317 4577 403 4644 bere.
436 4576 644 4669 Saepiuscule
662 4591 771 4646 autem
789 4581 992 4661 τετύπτημαι
1012 4593 1044 4648 et
1061 4583 1338 4673 a’rvrrrridmapud
1358 4583 1487 4675 sequio-

317 4705 365 4750 ros
386 4684 549 4774 leguntur,
570 4700 602 4755 et
617 4685 776 4779 defungar
795 4710 860 4755 uno
876 4689 1038 4779 exemplo,
1059 4689 1133 4780 quia
1146 4689 1288 4758 buerant
1303 4702 1350 4758 ost
1366 4695 1419 4772 37,
1435 4696 1486 4760 16.
