3767 5717
858 571 924 636 333

296 799 407 856 σομεν,
433 770 520 862 quod
540 774 658 849 σεμνῶς
678 767 814 844 dicitur,
838 764 1013 832 formatum
1033 776 1068 830 ut
1086 765 1233 852 κλαήσει,
1246 768 1468 851 ααθιζθσομαι,

211 921 215 927 ·
298 883 413 956 dasiro
435 882 508 968 (pro
529 875 636 963 θίξιν),
658 874 833 952 βαλλθσνι,
858 872 973 936 similia
999 885 1022 937 ¹.

341 985 436 1050 Hunc
462 983 560 1072 igitur
580 989 780 1045 constantem
805 989 837 1042 et
856 989 1049 1068 perpetuum
1072 979 1282 1069 Antiquitatis
1301 1002 1393 1045 usum
1415 1003 1465 1046 se·

297 1092 410 1169 riores,
423 1090 515 1179 ·quia
536 1108 711 1176 numquam
730 1083 1035 1162 animadverterant,
1055 1084 1192 1150 retinere
1210 1097 1243 1151 et
1261 1086 1379 1151 imitari
1400 1109 1468 1164 non¹

293 1206 483 1288 potuerunt,
511 1205 543 1260 et
562 1192 741 1281 analogiam
761 1213 820 1281 pro
844 1212 904 1255 usu
923 1190 1024 1255 secuti
1044 1191 1160 1256 multas
1182 1191 1242 1281 ipsi
1262 1191 1380 1257 formas
1401 1192 1464 1256 lin·

295 1314 406 1368 xerunt
434 1300 474 1366 de
504 1321 563 1365 suo
593 1297 761 1363 Veteribus
784 1297 934 1362 omnibus
953 1320 1080 1387 prorsus
1100 1298 1222 1387 ignotas
1244 1311 1276 1364 et
1295 1295 1463 1363 inauditas.

292 1407 429 1474 llidetur
447 1404 639 1484 Graeculus,
656 1404 711 1494 qui
729 1427 766 1468 ex
784 1404 879 1468 θπνία
900 1426 958 1468 ruo
979 1403 1079 1469 Marte
1099 1403 1248 1492 formarit
1268 1403 1404 1479 ὠπθθιρν,
1430 1415 1463 1468 et

291 1524 340 1578 est
369 1534 443 1577 sanc
471 1509 535 1576 hoc
563 1511 786 1601 perineptum‚
814 1506 871 1573 sed
896 1531 961 1573 non
982 1509 1088 1574 multo
1110 1510 1243 1575 meliora
1263 1519 1355 1586 sunt,
1380 1530 1463 1598 quae

293 1618 463 1683 Lucienus
492 1637 565 1682 cum
591 1614 780 1705 aequalibus
798 1625 945 1704 usurpat,
965 1626 1019 1679 aut
1039 1613 1148 1680 Ionica
1169 1613 1281 1680 Atticis
1302 1611 1385 1678 male
1405 1611 1464 1678 ad·

293 1725 390 1790 mixta
407 1744 544 1813 ponens,
564 1733 621 1786 aut
640 1743 721 1786 nora
739 1744 775 1785 er
795 1719 956 1785 veteribus
975 1731 1086 1786 contra
1103 1742 1195 1785 usum
1214 1719 1358 1784 formata.
1394 1727 1461 1782 Πα-

291 1829 400 1895 ταίσσιν
430 1840 517 1894 retus
545 1825 679 1893 verbum
708 1823 856 1890 Ionicum
885 1835 952 1913 est,
982 1825 1070 1916 quod
1096 1825 1177 1890 nihil
1198 1825 1286 1891 aliud
1307 1825 1463 1914 significat

294 1957 391 2025 quam
404 1933 555 2023 palpando,
579 1930 686 2010 κραδία
713 1929 1037 2008 secerneremur,
1069 1931 1162 2010 θνριὸς
1186 1931 1227 1996 ἐνί
1250 1932 1375 2006 ςθθεσσι
1399 1931 1463 1995 παί-

292 2062 410 2103 τασσεν
428 2035 541 2101 etalio
562 2031 648 2123 apud
670 2032 852 2098 llcuunurt.
898 2033 1101 2124 Ineptissime
1122 2035 1220 2126 igitur
1240 2034 1363 2125 scripsit
1383 2035 1464 2102 dal-

291 2161 418 2222 srsnss,
442 2142 532 2206 cuius
550 2140 657 2205 locum
678 2138 837 2204 Drnuour.
859 2135 898 2203 ad
918 2139 1088 2206 Srsrnrru
1111 2141 1318 2207 Thesaurum
1337 2142 1464 2210 attulit:

292 2249 378 2314 παίοι
403 2249 456 2312 καί
479 2245 579 2327 αἰγχοι
600 2244 654 2309 καί
680 2245 839 2310 πασαίττσι
863 2245 934 2316 τοὺς
961 2246 1094 2321 αὐτούς,
1125 2269 1222 2337 quam
1244 2247 1378 2314 formam
1400 2249 1466 2339 ipse

294 2377 332 2419 ex
352 2351 503 2429 ἕπαίταξα
521 2351 649 2429 elicuit,
672 2348 772 2438 idque
792 2372 830 2414 eo
849 2350 1031 2433 infelicius,
1056 2354 1144 2441 quod
1168 2352 1271 2418 Attica
1292 2353 1392 2419 forma
1415 2355 1466 2417 in-

295 2455 367 2522 duit
397 2455 608 2533 vocabulum,
639 2440 726 2544 quod
751 2476 928 2544 numquam
958 2455 990 2519 in
1013 2479 1189 2524 sermonem
1215 2458 1356 2525 Atticum
1377 2483 1465 2527 rece·

295 2577 389 2655 ptum
418 2573 475 2626 est.
521 2559 707 2625 Ridiculum
735 2570 783 2623 est
810 2558 918 2625 dicere
939 2558 1083 2635 αίναστα,
1109 2563 1277 2642 Λίβυσσαι,
1304 2565 1466 2648 Φοίνισσα,

296 2668 490 2751 βασίλισσαι,
520 2665 697 2749 χαρίεσσα,
727 2669 920 2744 πτεροῦσσα,
957 2677 1013 2730 aut
1040 2665 1182 2750 ebroicen,
1206 2668 1353 2744 πσιίττα,
1389 2672 1470 2753 alia,

296 2773 412 2864 quibus
439 2769 579 2861 populus
608 2789 671 2832 non
701 2766 865 2846 utebatur,
894 2779 927 2833 at
948 2775 1080 2852 Θρᾷττα
1101 2771 1222 2860 optime
1241 2769 1339 2838 habet
1360 2785 1392 2839 et
1410 2800 1467 2854 με·

293 2883 463 2951 λισοῖιττα,
495 2875 571 2965 quia
593 2873 655 2938 toti
682 2873 805 2963 pupulo
833 2886 923 2939 eraut
953 2875 987 2939 in
1013 2895 1078 2942 ore.
1127 2875 1246 2942 Eadem
1273 2878 1374 2944 forma
1401 2879 1468 2946 Lu·

295 3001 395 3049 cinno
415 2982 462 3046 uti
480 2981 603 3071 placuit
623 2981 682 3057 51,
707 2983 755 3043 19.
780 2978 832 3042 καί
852 2979 866 3042 ί
883 2981 979 3060 μηρὸς
1001 2982 1231 3056 πατασσέσθω,
1258 3005 1357 3073 quum
1375 2983 1469 3051 loues

294 3088 438 3155 dicerent
459 3086 650 3155 τύπτεσθαι.
670 3083 857 3157 κόπτεσθαι,
875 3085 1090 3166 πλήττεσθαι,
1109 3085 1289 3162 πλθξασθαι
1310 3090 1352 3152 rob
1368 3091 1471 3172 ρανριθ,

295 3193 504 3261 Athenienses
523 3190 688 3262 παίεσθαι,
712 3188 900 3253 παίσασθαι.
937 3185 1125 3279 Cyropced.
1149 3187 1215 3254 vss.
1227 3207 1275 3257 111.
1289 3196 1319 3257 6.
1339 3194 1353 3256 ί
1372 3201 1468 3277 Κῦρος

294 3301 451 3365 ἐπαίσατο
475 3297 537 3378 αἰρα
555 3296 609 3360 σίν
631 3293 741 3374 μηρθνι
766 3292 911 3382 analogia
928 3293 1082 3384 deceptus
1102 3295 1226 3383 putarit
1247 3296 1468 3366 παταίσσεσθαι

296 3403 358 3470 sibi
378 3405 484 3469 dicere
504 3402 609 3467 licere.
656 3397 812 3464 Similiter
831 3403 890 3478 33,
915 3403 964 3464 10.
993 3421 1059 3462 non
1087 3399 1245 3465 dubitarit
1269 3402 1375 3468 dicere
1394 3403 1482 3469 παί-Ι

297 3533 411 3580 σαντες
437 3506 489 3571 καί
517 3503 700 3574 παισθέντες
723 3504 753 3566 ἕν
777 3503 819 3582 τῷ
845 3503 947 3582 μέρει,
980 3523 1080 3591 quum
1108 3503 1238 3570 deberet
1265 3505 1470 3582 πατάξαντες

298 3613 351 3679 καί
381 3611 570 3689 πληγέντες.
619 3608 673 3672 Bis
701 3605 847 3698 peccarit
875 3606 908 3670 in
939 3610 997 3686 49,
1021 3612 1050 3672 3.
1077 3619 1109 3672 et
1130 3613 1147 3695 ᾗ
1168 3613 1219 3673 40.
1250 3610 1471 3689 παταχθέντος

299 3718 343 3790 είς
367 3717 423 3790 τὴν
446 3714 578 3794 γναίθον,
604 3714 668 3779 sire
693 3710 873 3792 παταχθείς
899 3715 955 3787 σίρν
980 3711 1108 3792 sutton,
1130 3725 1162 3777 et
1182 3715 1200 3798 §
1221 3716 1272 3778 40.
1296 3715 1382 3777 κασία
1406 3713 1473 3795 κθρ-

299 3847 351 3904 ρνρς
374 3822 598 3902 παταχθῆναι,
634 3842 729 3884 nemo
760 3839 910 3906 umquam
934 3819 982 3883 sic
1012 3816 1138 3883 locutus
1166 3831 1213 3884 est
1233 3841 1293 3909 pro
1315 3817 1470 3896 πληγείς,

299 3931 481 4004 πληγῆναι,
504 3923 555 3988 rel
573 3925 701 4001 πλνχίρν
723 3921 849 3999 Λαβθν,
873 3923 1004 4001 λαβείνι
1029 3921 1107 3988 dicit
1131 3924 1318 4004 ἐπασαίχθνρν
1339 3934 1374 3986 ut
1394 3922 1472 3988 alibi

299 4031 487 4110 κατέαγροαι
510 4042 543 4095 et
561 4028 746 4109 κατεαίχθιρν
767 4029 841 4116 (pro
860 4029 1012 4106 κατέαγα
1032 4041 1063 4095 et
1085 4028 1262 4116 κατεθγιρν)
1292 4028 1472 4119 analogiam
1547 4079 1551 4086 .

299 4147 427 4203 secutus
446 4147 549 4226 spreta
566 4146 621 4199 aut
640 4132 782 4222 ignorata
801 4133 1043 4200 consuetudine.
1078 4135 1181 4200 Etiam
1204 4135 1236 4198 in
1259 4134 1345 4200 αασίι
1368 4136 1472 4217 κθρραρς

299 4253 399 4321 errat,
430 4242 516 4343 quod
538 4263 631 4330 saepe
652 4251 683 4306 et
702 4237 853 4306 lubenter
870 4239 963 4329 ponit
982 4264 1042 4331 pro
1062 4242 1112 4306 ἐπί
1139 4241 1260 4324 κθρριρς,
1293 4253 1328 4307 ut
1349 4263 1474 4330 semper

317 4427 550 4445 W-

336 4521 443 4583 1ίΗίιιο
461 4521 528 4586 opud
545 4519 708 4568 Hnsrcsums
723 4519 827 4570 restitue
849 4521 998 4586 παιησέονι
1015 4519 1166 4586 νιλνρκσεόν,
1190 4529 1218 4570 ut
1235 4528 1272 4572 cst
1289 4522 1316 4570 in
1336 4520 1411 4570 unico
1428 4519 1475 4570 Co·

201 4623 208 4636 .
300 4605 363 4654 dioc.
397 4606 467 4654 Melo
492 4605 607 4654 homines
630 4603 697 4654 docti
714 4603 844 4653 παιστέον
865 4611 1029 4668 receperunt,
1053 4607 1120 4669 quod
1141 4606 1263 4670 significet
1286 4602 1409 4657 tradendum
1426 4612 1474 4664 est,

299 4688 366 4752 apud
383 4690 544 4750 recentiores,
561 4689 606 4754 qui
624 4687 722 4743 παῖξαι
739 4703 785 4753 pro
803 4696 900 4738 notem
918 4687 1042 4737 dicebant
