3767 5717
885 589 926 650 tu

305 759 408 828 Unum
433 760 498 825 vidi
525 760 740 848 philologum,
767 762 918 848 antiquae
946 761 1076 846 linguae
1108 759 1244 824 Graecae
1273 760 1431 846 insignem
1455 762 1487 830 in

298 866 431 937 modum
456 867 617 952 peritum,
645 866 700 952 qui
731 865 884 932 Lucienus
919 867 1023 953 ipsum
1058 883 1155 930 ausus
1188 865 1231 928 sit
1260 887 1388 932 summo
1417 867 1488 932 iure

301 972 483 1058 corripere:
507 971 678 1037 Eunsuurus
700 978 768 1049 est,
791 971 847 1056 qui
875 969 916 1037 ad
945 970 1081 1036 Aclcurn.
1106 975 1190 1036 1167
1221 971 1353 1038 scribit:
1380 973 1486 1058 »qnod

295 1077 378 1143 dicit
399 1075 557 1143 Lucienus
581 1076 708 1142 Timone
736 1095 766 1162 p.
788 1080 875 1152 161,
897 1077 1046 1156 κατέαγα
1073 1081 1127 1142 τοῦ
1152 1077 1272 1159 κρανίου
1299 1099 1359 1141 non
1382 1078 1484 1163 inopis

296 1182 434 1248 Atticum
465 1193 510 1248 eat
542 1203 637 1269 quom
667 1178 803 1260 ἵπτατο,
837 1183 1081 1261 ἀπαντώμενος,
1114 1182 1270 1256 καθεσθείς
1302 1191 1331 1247 et
1361 1181 1484 1268 reliquo

292 1297 457 1373 portento,
490 1309 568 1373 quoe
601 1286 780 1374 Lexiplccni
813 1308 868 1352 suo
907 1286 1107 1372 exprobrat.'’
1165 1287 1298 1374 Decepit
1330 1287 1485 1353 Lucianuu

293 1391 390 1458 fallar
412 1391 578 1477 analogiae
600 1393 740 1478 species,
766 1401 799 1458 ct
824 1391 900 1477 quia
923 1391 1115 1470 κατεαγέναι
1143 1400 1199 1469 τῆς
1230 1399 1374 1475 κεφαλῆς
1396 1392 1481 1478 apud

296 1495 446 1562 Oratores
469 1504 501 1562 et
532 1496 677 1563 Comicus
704 1505 736 1564 et
767 1498 929 1563 Patronus
960 1496 1138 1574 lectitarat,
1170 1497 1320 1583 opinatus
1354 1504 1404 1560 est
1428 1503 1481 1563 τοῦ

293 1601 414 1684 κρανίον
440 1601 518 1668 item
550 1601 631 1668 hene
661 1610 694 1668 et
723 1611 859 1668 venuste
888 1600 953 1666 dici
990 1621 1091 1687 posse.
1139 1599 1296 1688 Equidem
1322 1600 1485 1667 eiusdem-

294 1703 381 1770 modi
405 1725 530 1772 errores
558 1705 740 1786 inhumani
764 1709 895 1793 scriptis
925 1705 1101 1792 permultos
1129 1705 1208 1770 mihi
1234 1704 1482 1791 deprehendisse

293 1809 419 1888 uideor,
443 1830 580 1897 qnorum
604 1819 727 1896 partem
746 1832 834 1878 nunc
853 1831 1060 1899 expromam,
1085 1809 1247 1897 libereque
1268 1809 1353 1896 quod
1378 1814 1481 1880 sentio

290 1916 456 2001 aperiam,
489 1915 570 1980 nihil
602 1935 733 1982 morans
765 1915 1015 1982 semidoctorum
1044 1914 1298 2002 obstrepentium
1333 1917 1480 1994 voculas,

290 2021 347 2107 qui
378 2018 461 2088 hauc
493 2022 651 2088 rationem
684 2023 791 2088 nescio
823 2019 982 2108 quomodo
1014 2020 1225 2108 periculosam
1258 2020 1377 2086 litteris
1412 2041 1481 2088 esse

289 2125 468 2193 clamitant.
514 2125 601 2191 Nihil
624 2123 776 2212 cuiquam
798 2146 836 2192 ea
858 2146 910 2192 res
932 2125 1114 2212 apportabit
1143 2125 1237 2202 mali,
1263 2126 1323 2190 nisi
1352 2125 1393 2190 iis
1416 2125 1479 2192 for·

289 2239 396 2309 tasse,
417 2232 473 2318 qui
494 2251 557 2297 non
579 2231 658 2297 satis
678 2230 765 2296 docti
787 2238 819 2296 et
839 2229 878 2296 ab
899 2230 1019 2298 iudicio
1039 2230 1233 2297 infirmiores
1246 2229 1285 2295 de
1299 2229 1361 2297 illis
1382 2230 1479 2302 rebus

288 2335 452 2414 iudicant,
476 2357 556 2423 quas
579 2356 642 2403 non
663 2337 792 2423 penitus
813 2334 933 2405 hahent
956 2337 1101 2420 cognitas
1121 2343 1153 2402 et
1177 2345 1369 2424 perspectas,
1405 2336 1478 2402 Per·

287 2441 383 2508 multi
414 2442 491 2507 anni
523 2450 617 2518 sunt,
639 2461 677 2506 ex
705 2461 768 2526 quc
793 2441 948 2507 Lourinon
971 2440 1143 2526 diligenter
1167 2450 1198 2507 et
1227 2438 1375 2506 lubenter
1408 2439 1478 2528 lego

288 2554 385 2630 atque
405 2544 525 2630 relego,
549 2565 689 2631 cumque
710 2567 785 2612 cum
810 2546 1023 2632 scriptoribus
1036 2546 1164 2622 Atticis,
1185 2545 1224 2611 ad
1250 2565 1387 2632 quorum
1405 2546 1476 2610 imi·

287 2651 443 2714 tationem
466 2669 501 2714 se
530 2656 636 2715 totum
667 2650 864 2736 composuit,
898 2648 1008 2717 sedulo
1038 2650 1220 2736 comparavi
1254 2658 1287 2715 et
1314 2670 1473 2736 comparo.

287 2751 373 2818 Nihil
394 2753 427 2817 in
448 2772 485 2820 eo
508 2751 762 2838 reprehendam,
780 2751 864 2838 quod
878 2752 958 2821 mihi
975 2753 1077 2818 obiter
1102 2754 1187 2818 inter
1206 2751 1376 2840 legendum
1402 2755 1474 2820 sub·

287 2868 401 2924 natum
419 2859 481 2936 sit,
501 2856 556 2922 sed
581 2878 637 2935 ea,
660 2857 834 2944 quaemihi
859 2857 981 2924 dudum
995 2855 1218 2924 animadversa
1239 2857 1414 2928 diuturnus
1432 2856 1474 2926 le-

284 2962 380 3050 gendi
411 2971 443 3028 ct
476 2961 653 3028 meditandi
689 2982 767 3027 usus
797 2962 890 3048 plane
925 2963 1137 3030 continuavit.
1186 2961 1312 3049 Siquis
1345 2985 1472 3031 mecum

283 3067 365 3134 sorte
386 3067 578 3142 contendet,
598 3087 671 3134 eum
693 3067 772 3134 mihi
790 3067 883 3132 veliin
908 3067 1128 3134 adversarium
1147 3067 1235 3148 dari,
1260 3071 1315 3156 qui
1337 3078 1368 3136 ct
1393 3070 1472 3138 hene

287 3175 401 3241 Graece
430 3174 512 3240 sciat
544 3181 577 3239 et
597 3174 630 3238 in
653 3173 785 3239 buonno
813 3174 854 3238 sit
880 3173 1136 3251 versatissimus,
1171 3194 1309 3261 namque
1342 3175 1387 3241 ita
1414 3174 1470 3242 de·

283 3301 373 3346 mum
390 3280 496 3358 ἀγαθὴ
531 3277 589 3362 ἔοις
616 3279 666 3358 οἵδε
688 3279 841 3361 βροτοῖσιν
862 3287 894 3344 et
917 3275 1001 3368 quod
1017 3293 1137 3344 ¹uerum
1161 3289 1209 3346 est
1235 3301 1393 3346 consensu
1416 3301 1470 3368 ag·

282 3393 445 3452 noscetur.
490 3385 650 3450 Bnnnsaus
672 3391 780 3452 autem
797 3383 830 3448 in
849 3381 981 3449 Lucieno
1001 3384 1052 3449 vix
1075 3381 1152 3452 lecit
1175 3405 1289 3472 operae
1310 3388 1469 3474 pretium:

281 3490 365 3578 quod
386 3489 504 3577 scripta
534 3489 695 3556 bucianea
724 3488 820 3555 aliter
850 3488 1009 3576 disposuit
1033 3487 1113 3556 nihil
1141 3499 1207 3568 est,
1242 3491 1326 3577 quod
1358 3493 1475 3580 spuria,

279 3597 422 3684 seposuit
452 3597 588 3673 tacitus,
617 3602 746 3661 nonest
769 3613 939 3678 magnum:
964 3595 1238 3661 correctionculas
1266 3593 1466 3684 compluscu-

278 3701 344 3779 las,
364 3710 397 3767 et
416 3699 572 3788 pauculas
599 3698 839 3765 emendationes
862 3699 895 3764 in
926 3699 1070 3764 ordinem
1097 3701 1216 3785 recepit
1241 3720 1334 3778 suae,
1358 3699 1465 3785 plures

277 3807 436 3883 aliorum,
471 3807 504 3870 in
528 3824 592 3890 qua
614 3824 650 3870 re
681 3803 876 3889 nescioquo
904 3802 1017 3868 iudicii
1049 3823 1157 3870 errore
1186 3804 1304 3872 multas
1327 3806 1466 3892 optimas

277 3923 310 3981 et
341 3918 448 3978 certas
474 3908 712 3996 emendationes
744 3909 902 3995 sprevisse
932 3907 1081 3988 videtur,
1112 3909 1174 3975 nisi
1205 3908 1286 3975 torte
1320 3917 1465 3996 repertas

276 4037 346 4086 esse
369 4014 539 4102 ignorarit.
585 4013 675 4096 Quod
703 4023 811 4082 autem
837 4011 973 4080 subinde
997 4014 1029 4079 in
1053 4012 1176 4080 Luciam
1200 4014 1305 4081 verbis
1325 4025 1356 4081 et
1379 4015 1464 4081 ondi-

276 4143 350 4190 cum
380 4119 551 4206 scripturis
573 4121 700 4184 novavit
724 4117 867 4206 aliquid,
887 4119 968 4214 ¹quis
1001 4128 1048 4185 est
1075 4141 1131 4206 per
1155 4120 1273 4188 multos
1296 4141 1396 4186 annos
1427 4121 1461 4185 in

279 4231 464 4296 Graecorum
484 4224 678 4310 scriptorum
702 4225 845 4291 oratione
868 4221 1067 4293 emendanda
1087 4233 1251 4303 versatus,
1276 4227 1332 4314 qui
1354 4247 1415 4290 non
1429 4227 1462 4290 in

275 4332 417 4420 quolibet
440 4330 595 4417 scriptore
616 4329 656 4395 ad
689 4331 827 4416 primam
852 4330 962 4394 statim
984 4329 1152 4396 lectionem
1185 4330 1345 4397 tralaticia
1367 4350 1462 4416 quae-

276 4439 351 4504 dam
372 4436 487 4503 menda
506 4444 539 4501 et
566 4435 644 4501 vitia
665 4433 751 4502 nullo
779 4436 907 4520 negotio
927 4433 1017 4500 tollat
1041 4444 1072 4501 et
1100 4435 1184 4502 locos
1206 4436 1325 4503 multos
1349 4455 1461 4520 aegros

273 4553 306 4610 et
330 4543 412 4609 male
439 4542 564 4608 habitos
595 4541 696 4627 perite
727 4539 898 4614 restituat,
930 4559 1012 4624 quae
1043 4561 1135 4628 saepe
1165 4539 1239 4606 alibi
1260 4541 1381 4605 sanarit
1407 4540 1461 4606 iis·

273 4650 346 4717 dem
372 4647 521 4721 remediis
550 4647 590 4714 ad
623 4645 758 4714 salutem
783 4665 936 4713 revocans
964 4655 995 4712 et
1020 4645 1080 4712 alia
1104 4643 1258 4731 quaedam
1284 4645 1398 4714 vitiosa
1429 4654 1461 4736 et
