<?xml version="1.0" encoding="UTF-8"?>
<!DOCTYPE html PUBLIC "-//W3C//DTD XHTML 1.0 Transitional//EN"
    "http://www.w3.org/TR/xhtml1/DTD/xhtml1-transitional.dtd">
<html xmlns="http://www.w3.org/1999/xhtml" xml:lang="en" lang="en">
 <head>
  <title>
</title>
<meta http-equiv="Content-Type" content="text/html;charset=utf-8" />
  <meta name='ocr-system' content='tesseract 3.04.00' />
  <meta name='ocr-capabilities' content='ocr_page ocr_carea ocr_par ocr_line ocrx_word'/>
</head>
<body>
  <div class='ocr_page' id='page_1' title='image "./variaelectiones02cobegoog_0191.png"; bbox 0 0 3767 5717; ppageno 0'>
   <div class='ocr_carea' id='block_1_1' title="bbox 796 601 927 675">
    <p class='ocr_par' dir='ltr' id='par_1_1' title="bbox 796 601 927 675">
     <span class='ocr_line' id='line_1_1' title="bbox 796 601 927 675; baseline -0.015 -1"><span class='ocrx_word' id='word_1_1' title='bbox 796 601 798 613; x_wconf 75' lang='lat'>&#39;</span> <span class='ocrx_word' id='word_1_2' title='bbox 865 610 927 675; x_wconf 98' lang='grc'><strong>177</strong></span> 
     </span>
    </p>
   </div>
   <div class='ocr_carea' id='block_1_2' title="bbox 218 784 1564 4469">
    <p class='ocr_par' dir='ltr' id='par_1_2' title="bbox 218 784 1564 4469">
     <span class='ocr_line' id='line_1_2' title="bbox 315 784 1564 883; baseline -0.006 -12"><span class='ocrx_word' id='word_1_3' title='bbox 315 827 357 871; x_wconf 80' lang='lat' dir='ltr'><strong>rs.</strong></span> <span class='ocrx_word' id='word_1_4' title='bbox 378 806 409 870; x_wconf 90' lang='lat'><strong>6.</strong></span> <span class='ocrx_word' id='word_1_5' title='bbox 432 802 572 883; x_wconf 79' lang='grc' dir='ltr'><em>μέμνησο</em></span> <span class='ocrx_word' id='word_1_6' title='bbox 592 801 642 878; x_wconf 79' lang='grc' dir='ltr'><strong>δὲ,</strong></span> <span class='ocrx_word' id='word_1_7' title='bbox 663 797 689 866; x_wconf 79' lang='grc' dir='ltr'><strong>’ὦ</strong></span> <span class='ocrx_word' id='word_1_8' title='bbox 710 800 858 883; x_wconf 80' lang='grc' dir='ltr'><em>παρθένε,</em></span> <span class='ocrx_word' id='word_1_9' title='bbox 883 796 930 867; x_wconf 78' lang='grc' dir='ltr'><strong>ἐτι</strong></span> <span class='ocrx_word' id='word_1_10' title='bbox 951 825 988 866; x_wconf 87' lang='grc' dir='ltr'><strong>σε</strong></span> <span class='ocrx_word' id='word_1_11' title='bbox 1012 797 1150 877; x_wconf 73' lang='grc' dir='ltr'><strong>ποίμνιον</strong></span> <span class='ocrx_word' id='word_1_12' title='bbox 1172 784 1297 881; x_wconf 78' lang='grc' dir='ltr'><em>ἔθρεψεν</em></span> <span class='ocrx_word' id='word_1_13' title='bbox 1320 798 1410 864; x_wconf 70' lang='grc' dir='ltr'><em>ἄλλα</em></span> <span class='ocrx_word' id='word_1_14' title='bbox 1429 788 1482 864; x_wconf 71' lang='grc' dir='ltr'><strong>καί</strong></span> <span class='ocrx_word' id='word_1_15' title='bbox 1556 812 1564 817; x_wconf 88' lang='grc'><em>“</em></span> 
     </span>
     <span class='ocr_line' id='line_1_3' title="bbox 314 902 1484 985; baseline -0.007 -8"><span class='ocrx_word' id='word_1_16' title='bbox 314 906 345 977; x_wconf 85' lang='grc' dir='ltr'><strong>εί</strong></span> <span class='ocrx_word' id='word_1_17' title='bbox 363 908 529 985; x_wconf 64' lang='grc' dir='ltr'><em>καλοί.ἐίο</em></span> <span class='ocrx_word' id='word_1_18' title='bbox 549 908 616 974; x_wconf 88' lang='lat' dir='ltr'><strong>sine</strong></span> <span class='ocrx_word' id='word_1_19' title='bbox 636 929 729 975; x_wconf 87' lang='lat' dir='ltr'><strong>sensu</strong></span> <span class='ocrx_word' id='word_1_20' title='bbox 750 904 857 973; x_wconf 85' lang='lat' dir='ltr'><strong>Codex</strong></span> <span class='ocrx_word' id='word_1_21' title='bbox 876 918 907 973; x_wconf 84' lang='lat' dir='ltr'><strong>e&#39;t</strong></span> <span class='ocrx_word' id='word_1_22' title='bbox 928 905 1095 971; x_wconf 72' lang='lat' dir='ltr'><strong>editiones.</strong></span> <span class='ocrx_word' id='word_1_23' title='bbox 1134 904 1207 970; x_wconf 89' lang='lat' dir='ltr'><strong>Duo</strong></span> <span class='ocrx_word' id='word_1_24' title='bbox 1226 902 1380 971; x_wconf 86' lang='lat' dir='ltr'><strong>rooabnla</strong></span> <span class='ocrx_word' id='word_1_25' title='bbox 1398 904 1484 969; x_wconf 82' lang='lat' dir='ltr'><strong>erci-</strong></span> 
     </span>
     <span class='ocr_line' id='line_1_4' title="bbox 316 1006 1482 1105; baseline -0.003 -25"><span class='ocrx_word' id='word_1_26' title='bbox 316 1013 449 1080; x_wconf 86' lang='lat' dir='ltr'><strong>derunt:</strong></span> <span class='ocrx_word' id='word_1_27' title='bbox 484 1016 554 1105; x_wconf 83' lang='lat' dir='ltr'><strong>lege</strong></span> <span class='ocrx_word' id='word_1_28' title='bbox 578 1014 630 1079; x_wconf 81' lang='grc' dir='ltr'><strong>καὶ</strong></span> <span class='ocrx_word' id='word_1_29' title='bbox 657 1016 692 1078; x_wconf 79' lang='grc' dir='ltr'><strong>σὲ</strong></span> <span class='ocrx_word' id='word_1_30' title='bbox 725 1013 864 1091; x_wconf 77' lang='grc' dir='ltr'><strong>ποίμνιον</strong></span> <span class='ocrx_word' id='word_1_31' title='bbox 896 1011 1162 1097; x_wconf 78' lang='grc' dir='ltr'><em>ἐθρεψεν,ὀίλλίο</em></span> <span class='ocrx_word' id='word_1_32' title='bbox 1188 1008 1241 1074; x_wconf 80' lang='grc' dir='ltr'><strong>καὶ</strong></span> <span class='ocrx_word' id='word_1_33' title='bbox 1270 1006 1308 1079; x_wconf 77' lang='grc' dir='ltr'><strong>ὣς</strong></span> <span class='ocrx_word' id='word_1_34' title='bbox 1334 1006 1364 1073; x_wconf 82' lang='grc' dir='ltr'><strong>εἷ</strong></span> <span class='ocrx_word' id='word_1_35' title='bbox 1385 1011 1482 1089; x_wconf 71' lang='grc' dir='ltr'><em>καλή.</em></span> 
     </span>
     <span class='ocr_line' id='line_1_5' title="bbox 313 1112 1485 1210; baseline -0.004 -26"><span class='ocrx_word' id='word_1_36' title='bbox 313 1118 389 1210; x_wconf 80' lang='lat' dir='ltr'><strong>Pag.</strong></span> <span class='ocrx_word' id='word_1_37' title='bbox 412 1126 464 1187; x_wconf 80' lang='lat'><strong>28.</strong></span> <span class='ocrx_word' id='word_1_38' title='bbox 498 1120 665 1201; x_wconf 74' lang='grc' dir='ltr'><em>ἐρυθήματι</em></span> <span class='ocrx_word' id='word_1_39' title='bbox 702 1118 919 1197; x_wconf 86' lang='grc' dir='ltr'><em>ἐνεπίμπλατο</em></span> <span class='ocrx_word' id='word_1_40' title='bbox 964 1115 1072 1184; x_wconf 83' lang='lat' dir='ltr'>Codex</span> <span class='ocrx_word' id='word_1_41' title='bbox 1097 1115 1331 1182; x_wconf 75' lang='lat' dir='ltr'><strong>et·l]ditiones.</strong></span> <span class='ocrx_word' id='word_1_42' title='bbox 1373 1112 1485 1179; x_wconf 88' lang='lat' dir='ltr'><strong>Scribe</strong></span> 
     </span>
     <span class='ocr_line' id='line_1_6' title="bbox 314 1206 1485 1311; baseline -0.003 -23"><span class='ocrx_word' id='word_1_43' title='bbox 314 1224 515 1304; x_wconf 75' lang='grc' dir='ltr'><em>ἐρυθήματος,</em></span> <span class='ocrx_word' id='word_1_44' title='bbox 537 1221 765 1311; x_wconf 82' lang='lat' dir='ltr'><strong>compendium</strong></span> <span class='ocrx_word' id='word_1_45' title='bbox 786 1206 922 1303; x_wconf 66' lang='lat' dir='ltr'><strong>dpvddnd</strong></span> <span class='ocrx_word' id='word_1_46' title='bbox 942 1222 1072 1289; x_wconf 91' lang='lat' dir='ltr'><strong>indocte</strong></span> <span class='ocrx_word' id='word_1_47' title='bbox 1091 1222 1255 1311; x_wconf 84' lang='lat' dir='ltr'><strong>expletum</strong></span> <span class='ocrx_word' id='word_1_48' title='bbox 1276 1243 1343 1286; x_wconf 89' lang='lat' dir='ltr'><strong>esse</strong></span> <span class='ocrx_word' id='word_1_49' title='bbox 1363 1221 1485 1286; x_wconf 88' lang='lat' dir='ltr'><strong>intelli-</strong></span> 
     </span>
     <span class='ocr_line' id='line_1_7' title="bbox 312 1326 1484 1419; baseline -0.002 -26"><span class='ocrx_word' id='word_1_50' title='bbox 312 1330 370 1419; x_wconf 79' lang='lat' dir='ltr'><strong>gis.</strong></span> <span class='ocrx_word' id='word_1_51' title='bbox 417 1329 489 1419; x_wconf 80' lang='lat' dir='ltr'><strong>Peg.</strong></span> <span class='ocrx_word' id='word_1_52' title='bbox 510 1334 553 1395; x_wconf 88' lang='grc'><strong>29</strong></span> <span class='ocrx_word' id='word_1_53' title='bbox 573 1330 656 1395; x_wconf 89' lang='lat' dir='ltr'><strong>male</strong></span> <span class='ocrx_word' id='word_1_54' title='bbox 678 1327 830 1394; x_wconf 81' lang='lat' dir='ltr'><strong>Couurutt</strong></span> <span class='ocrx_word' id='word_1_55' title='bbox 850 1353 887 1394; x_wconf 83' lang='lat' dir='ltr'><strong>ex</strong></span> <span class='ocrx_word' id='word_1_56' title='bbox 906 1326 985 1396; x_wconf 93' lang='lat' dir='ltr'><strong>Cod.</strong></span> <span class='ocrx_word' id='word_1_57' title='bbox 1006 1330 1097 1394; x_wconf 80' lang='lat' dir='ltr'><strong>affert</strong></span> <span class='ocrx_word' id='word_1_58' title='bbox 1117 1334 1302 1411; x_wconf 79' lang='grc' dir='ltr'><em>λενκιίτερον</em></span> <span class='ocrx_word' id='word_1_59' title='bbox 1323 1340 1355 1392; x_wconf 88' lang='lat' dir='ltr'><strong>et</strong></span> <span class='ocrx_word' id='word_1_60' title='bbox 1374 1332 1433 1391; x_wconf 80' lang='grc' dir='ltr'><strong>τῶν</strong></span> <span class='ocrx_word' id='word_1_61' title='bbox 1452 1326 1484 1391; x_wconf 78' lang='grc' dir='ltr'><em>δέ</em></span> 
     </span>
     <span class='ocr_line' id='line_1_8' title="bbox 314 1430 1484 1515; baseline -0.004 -16"><span class='ocrx_word' id='word_1_62' title='bbox 314 1433 456 1515; x_wconf 79' lang='grc' dir='ltr'><em>πρότερον</em></span> <span class='ocrx_word' id='word_1_63' title='bbox 479 1432 606 1514; x_wconf 78' lang='grc' dir='ltr'><em>χρόνον.</em></span> <span class='ocrx_word' id='word_1_64' title='bbox 643 1434 709 1499; x_wconf 88' lang='lat' dir='ltr'><strong>sine</strong></span> <span class='ocrx_word' id='word_1_65' title='bbox 740 1456 846 1499; x_wconf 88' lang='lat' dir='ltr'><strong>errore</strong></span> <span class='ocrx_word' id='word_1_66' title='bbox 876 1433 975 1499; x_wconf 88' lang='lat' dir='ltr'><strong>habet</strong></span> <span class='ocrx_word' id='word_1_67' title='bbox 1003 1434 1086 1500; x_wconf 89' lang='lat' dir='ltr'><strong>liber</strong></span> <span class='ocrx_word' id='word_1_68' title='bbox 1113 1434 1290 1515; x_wconf 71' lang='grc' dir='ltr'><strong>λευκότερον</strong></span> <span class='ocrx_word' id='word_1_69' title='bbox 1319 1444 1355 1499; x_wconf 83' lang='lat' dir='ltr'><strong>et</strong></span> <span class='ocrx_word' id='word_1_70' title='bbox 1379 1432 1431 1497; x_wconf 81' lang='grc' dir='ltr'><strong>τὸν</strong></span> <span class='ocrx_word' id='word_1_71' title='bbox 1452 1430 1484 1494; x_wconf 76' lang='grc' dir='ltr'><strong>δὲ</strong></span> 
     </span>
     <span class='ocr_line' id='line_1_9' title="bbox 314 1536 1483 1621; baseline -0.004 -18"><span class='ocrx_word' id='word_1_72' title='bbox 314 1538 458 1619; x_wconf 70' lang='grc' dir='ltr'><em>πρότερον</em></span> <span class='ocrx_word' id='word_1_73' title='bbox 479 1538 603 1621; x_wconf 81' lang='grc' dir='ltr'><em>χρόνον,</em></span> <span class='ocrx_word' id='word_1_74' title='bbox 639 1539 693 1606; x_wconf 90' lang='lat' dir='ltr'><strong>sed</strong></span> <span class='ocrx_word' id='word_1_75' title='bbox 722 1538 819 1605; x_wconf 93' lang='lat' dir='ltr'><strong>habet</strong></span> <span class='ocrx_word' id='word_1_76' title='bbox 849 1540 960 1606; x_wconf 80' lang='lat' dir='ltr'><strong>vitium</strong></span> <span class='ocrx_word' id='word_1_77' title='bbox 987 1539 1021 1604; x_wconf 91' lang='lat' dir='ltr'><strong>in</strong></span> <span class='ocrx_word' id='word_1_78' title='bbox 1044 1538 1139 1620; x_wconf 72' lang='grc' dir='ltr'><em>μέχρι</em></span> <span class='ocrx_word' id='word_1_79' title='bbox 1160 1544 1214 1603; x_wconf 81' lang='grc' dir='ltr'><strong>τοῦ</strong></span> <span class='ocrx_word' id='word_1_80' title='bbox 1238 1537 1277 1603; x_wconf 75' lang='lat' dir='ltr'><strong>dv</strong></span> <span class='ocrx_word' id='word_1_81' title='bbox 1302 1536 1483 1617; x_wconf 76' lang='grc' dir='ltr'><em>διαβρέξαι,</em></span> 
     </span>
     <span class='ocr_line' id='line_1_10' title="bbox 314 1642 1486 1731; baseline -0.003 -24"><span class='ocrx_word' id='word_1_82' title='bbox 314 1642 430 1707; x_wconf 88' lang='lat' dir='ltr'><strong>deinde</strong></span> <span class='ocrx_word' id='word_1_83' title='bbox 460 1666 526 1708; x_wconf 88' lang='lat' dir='ltr'><strong>non</strong></span> <span class='ocrx_word' id='word_1_84' title='bbox 556 1644 693 1723; x_wconf 83' lang='grc' dir='ltr'><em>η’μέλητο</em></span> <span class='ocrx_word' id='word_1_85' title='bbox 718 1644 771 1707; x_wconf 80' lang='grc' dir='ltr'><strong>καί</strong></span> <span class='ocrx_word' id='word_1_86' title='bbox 800 1645 946 1725; x_wconf 75' lang='grc' dir='ltr'><em>ηοίγέλη</em></span> <span class='ocrx_word' id='word_1_87' title='bbox 978 1642 1032 1711; x_wconf 86' lang='lat' dir='ltr'><strong>sed</strong></span> <span class='ocrx_word' id='word_1_88' title='bbox 1060 1647 1198 1722; x_wconf 78' lang='grc' dir='ltr'><em>ἠμελητο</em></span> <span class='ocrx_word' id='word_1_89' title='bbox 1224 1646 1241 1719; x_wconf 80' lang='grc' dir='ltr'><em>η</em></span> <span class='ocrx_word' id='word_1_90' title='bbox 1263 1642 1387 1720; x_wconf 75' lang='grc' dir='ltr'><em>ἐηέλη,</em></span> <span class='ocrx_word' id='word_1_91' title='bbox 1420 1662 1486 1731; x_wconf 92' lang='lat' dir='ltr'><strong>quo</strong></span> 
     </span>
     <span class='ocr_line' id='line_1_11' title="bbox 315 1748 1486 1837; baseline -0.003 -24"><span class='ocrx_word' id='word_1_92' title='bbox 315 1748 441 1817; x_wconf 80' lang='lat' dir='ltr'><strong>facilius</strong></span> <span class='ocrx_word' id='word_1_93' title='bbox 460 1753 608 1827; x_wconf 76' lang='grc' dir='ltr'><em>ἠμελεῖτο</em></span> <span class='ocrx_word' id='word_1_94' title='bbox 630 1748 813 1837; x_wconf 78' lang='lat' dir='ltr'><strong>corrigitur,</strong></span> <span class='ocrx_word' id='word_1_95' title='bbox 848 1761 914 1815; x_wconf 92' lang='lat' dir='ltr'><strong>tum</strong></span> <span class='ocrx_word' id='word_1_96' title='bbox 942 1748 1071 1815; x_wconf 85' lang='lat' dir='ltr'><strong>exhibet</strong></span> <span class='ocrx_word' id='word_1_97' title='bbox 1091 1748 1195 1827; x_wconf 80' lang='grc' dir='ltr'><em>χλοάς</em></span> <span class='ocrx_word' id='word_1_98' title='bbox 1216 1754 1351 1827; x_wconf 78' lang='grc' dir='ltr'><em>καιρινῆο</em></span> <span class='ocrx_word' id='word_1_99' title='bbox 1373 1768 1486 1837; x_wconf 87' lang='lat' dir='ltr'><strong>super·</strong></span> 
     </span>
     <span class='ocr_line' id='line_1_12' title="bbox 313 1851 1484 1944; baseline -0.003 -25"><span class='ocrx_word' id='word_1_100' title='bbox 313 1854 437 1944; x_wconf 90' lang='lat' dir='ltr'><strong>scriptis</strong></span> <span class='ocrx_word' id='word_1_101' title='bbox 457 1879 490 1930; x_wconf 82' lang='grc' dir='ltr'><strong>ης</strong></span> <span class='ocrx_word' id='word_1_102' title='bbox 512 1854 612 1937; x_wconf 69' lang='lat' dir='ltr'><strong>etde,</strong></span> <span class='ocrx_word' id='word_1_103' title='bbox 644 1867 679 1920; x_wconf 94' lang='lat' dir='ltr'><strong>ut</strong></span> <span class='ocrx_word' id='word_1_104' title='bbox 698 1856 754 1920; x_wconf 89' lang='lat' dir='ltr'><strong>liat</strong></span> <span class='ocrx_word' id='word_1_105' title='bbox 777 1854 877 1937; x_wconf 78' lang='grc' dir='ltr'><em>χλόης</em></span> <span class='ocrx_word' id='word_1_106' title='bbox 903 1857 1027 1937; x_wconf 75' lang='grc' dir='ltr'><em>θερινῆς.</em></span> <span class='ocrx_word' id='word_1_107' title='bbox 1073 1851 1234 1920; x_wconf 74' lang='lat' dir='ltr'><strong>Continuo</strong></span> <span class='ocrx_word' id='word_1_108' title='bbox 1254 1852 1413 1941; x_wconf 89' lang='lat' dir='ltr'><strong>sequitur:</strong></span> <span class='ocrx_word' id='word_1_109' title='bbox 1442 1853 1484 1923; x_wconf 81' lang='grc' dir='ltr'><strong>εἰς</strong></span> 
     </span>
     <span class='ocr_line' id='line_1_13' title="bbox 262 1956 1486 2050; baseline -0.002 -27"><span class='ocrx_word' id='word_1_110' title='bbox 262 2006 266 2012; x_wconf 90' lang='grc'>-</span> <span class='ocrx_word' id='word_1_111' title='bbox 313 1958 407 2037; x_wconf 80' lang='grc' dir='ltr'><em>μίνήν</em></span> <span class='ocrx_word' id='word_1_112' title='bbox 432 1956 532 2033; x_wconf 85' lang='grc' dir='ltr'><em>Χλίην</em></span> <span class='ocrx_word' id='word_1_113' title='bbox 558 1958 702 2037; x_wconf 76' lang='grc' dir='ltr'><em>ἐγίγνετο</em></span> <span class='ocrx_word' id='word_1_114' title='bbox 722 1958 821 2033; x_wconf 79' lang='grc' dir='ltr'><em>λοίλος</em></span> <span class='ocrx_word' id='word_1_115' title='bbox 855 1970 920 2025; x_wconf 89' lang='lat' dir='ltr'><strong>tam</strong></span> <span class='ocrx_word' id='word_1_116' title='bbox 946 1982 1092 2050; x_wconf 81' lang='lat' dir='ltr'><strong>perverse</strong></span> <span class='ocrx_word' id='word_1_117' title='bbox 1114 1958 1237 2023; x_wconf 86' lang='lat' dir='ltr'><strong>dictum</strong></span> <span class='ocrx_word' id='word_1_118' title='bbox 1257 1968 1355 2046; x_wconf 90' lang='lat' dir='ltr'><strong>atque</strong></span> <span class='ocrx_word' id='word_1_119' title='bbox 1372 1963 1486 2021; x_wconf 84' lang='grc' dir='ltr'><em>λαλεῖν</em></span> 
     </span>
     <span class='ocr_line' id='line_1_14' title="bbox 314 2058 1486 2155; baseline -0.003 -28"><span class='ocrx_word' id='word_1_120' title='bbox 314 2062 462 2135; x_wconf 82' lang='grc' dir='ltr'><em>είςτινα.</em></span> <span class='ocrx_word' id='word_1_121' title='bbox 482 2061 611 2151; x_wconf 71' lang='lat' dir='ltr'><strong>&#39;corrige</strong></span> <span class='ocrx_word' id='word_1_122' title='bbox 631 2063 703 2144; x_wconf 73' lang='grc' dir='ltr'><em>πρὸς</em></span> <span class='ocrx_word' id='word_1_123' title='bbox 725 2062 830 2140; x_wconf 86' lang='grc' dir='ltr'><em>μίνην.</em></span> <span class='ocrx_word' id='word_1_124' title='bbox 879 2061 1026 2155; x_wconf 86' lang='lat' dir='ltr'><strong>Denique</strong></span> <span class='ocrx_word' id='word_1_125' title='bbox 1052 2064 1086 2129; x_wconf 90' lang='lat' dir='ltr'><strong>in</strong></span> <span class='ocrx_word' id='word_1_126' title='bbox 1106 2061 1225 2130; x_wconf 78' lang='lat' dir='ltr'><strong>Codice</strong></span> <span class='ocrx_word' id='word_1_127' title='bbox 1257 2085 1322 2127; x_wconf 93' lang='lat' dir='ltr'><strong>non</strong></span> <span class='ocrx_word' id='word_1_128' title='bbox 1347 2074 1394 2128; x_wconf 88' lang='lat' dir='ltr'><strong>cst</strong></span> <span class='ocrx_word' id='word_1_129' title='bbox 1417 2058 1486 2127; x_wconf 74' lang='lat' dir='ltr'><strong>tut</strong></span> 
     </span>
     <span class='ocr_line' id='line_1_15' title="bbox 313 2166 1458 2251; baseline 0.004 -17"><span class='ocrx_word' id='word_1_130' title='bbox 313 2166 436 2249; x_wconf 77' lang='grc' dir='ltr'><em>Δίρκαν</em></span> <span class='ocrx_word' id='word_1_131' title='bbox 460 2170 651 2249; x_wconf 81' lang='grc' dir='ltr'><em>ἐχαρίσατο,</em></span> <span class='ocrx_word' id='word_1_132' title='bbox 679 2166 733 2233; x_wconf 88' lang='lat' dir='ltr'><strong>sed</strong></span> <span class='ocrx_word' id='word_1_133' title='bbox 757 2170 940 2251; x_wconf 74' lang='grc' dir='ltr'><em>ἐδωρήσατο.</em></span> <span class='ocrx_word' id='word_1_134' title='bbox 1221 2176 1225 2183; x_wconf 81' lang='grc'><strong>’</strong></span> <span class='ocrx_word' id='word_1_135' title='bbox 1454 2238 1458 2247; x_wconf 76' lang='grc'><strong>,</strong></span> 
     </span>
     <span class='ocr_line' id='line_1_16' title="bbox 358 2272 1486 2365; baseline -0.002 -28"><span class='ocrx_word' id='word_1_136' title='bbox 358 2272 545 2338; x_wconf 89' lang='lat' dir='ltr'><strong>Percurram</strong></span> <span class='ocrx_word' id='word_1_137' title='bbox 574 2295 661 2337; x_wconf 90' lang='lat' dir='ltr'><strong>nnnc</strong></span> <span class='ocrx_word' id='word_1_138' title='bbox 691 2274 893 2341; x_wconf 68' lang='lat' dir='ltr'><strong>Pastor-alan</strong></span> <span class='ocrx_word' id='word_1_139' title='bbox 920 2289 952 2341; x_wconf 89' lang='lat' dir='ltr'><strong>et</strong></span> <span class='ocrx_word' id='word_1_140' title='bbox 978 2274 1127 2342; x_wconf 85' lang='lat' dir='ltr'><strong>indicabo</strong></span> <span class='ocrx_word' id='word_1_141' title='bbox 1155 2273 1272 2365; x_wconf 85' lang='lat' dir='ltr'><strong>quibus</strong></span> <span class='ocrx_word' id='word_1_142' title='bbox 1294 2272 1409 2338; x_wconf 89' lang='lat' dir='ltr'><strong>locis.e</strong></span> <span class='ocrx_word' id='word_1_143' title='bbox 1430 2291 1486 2335; x_wconf 92' lang='lat' dir='ltr'><strong>co·</strong></span> 
     </span>
     <span class='ocr_line' id='line_1_17' title="bbox 218 2375 1485 2478; baseline 0 -38"><span class='ocrx_word' id='word_1_144' title='bbox 218 2468 221 2478; x_wconf 87' lang='lat'><strong>.</strong></span> <span class='ocrx_word' id='word_1_145' title='bbox 313 2375 383 2441; x_wconf 90' lang='lat' dir='ltr'><strong>dice</strong></span> <span class='ocrx_word' id='word_1_146' title='bbox 413 2376 609 2443; x_wconf 75' lang='lat' dir='ltr'><strong>Florentino</strong></span> <span class='ocrx_word' id='word_1_147' title='bbox 637 2378 797 2443; x_wconf 85' lang='lat' dir='ltr'><strong>emendari</strong></span> <span class='ocrx_word' id='word_1_148' title='bbox 828 2382 967 2470; x_wconf 83' lang='lat' dir='ltr'><strong>possint,</strong></span> <span class='ocrx_word' id='word_1_149' title='bbox 1004 2381 1140 2446; x_wconf 87' lang='lat' dir='ltr'><strong>subinde</strong></span> <span class='ocrx_word' id='word_1_150' title='bbox 1170 2378 1318 2444; x_wconf 89' lang='lat' dir='ltr'><strong>nonnihil</strong></span> <span class='ocrx_word' id='word_1_151' title='bbox 1346 2378 1385 2441; x_wconf 93' lang='lat' dir='ltr'><strong>de</strong></span> <span class='ocrx_word' id='word_1_152' title='bbox 1411 2396 1485 2441; x_wconf 86' lang='lat' dir='ltr'><strong>meo</strong></span> 
     </span>
     <span class='ocr_line' id='line_1_18' title="bbox 314 2480 1485 2573; baseline -0.002 -27"><span class='ocrx_word' id='word_1_153' title='bbox 314 2480 498 2571; x_wconf 80' lang='lat' dir='ltr'><strong>adiungens.</strong></span> <span class='ocrx_word' id='word_1_154' title='bbox 546 2482 619 2573; x_wconf 78' lang='lat' dir='ltr'><strong>Pag.</strong></span> <span class='ocrx_word' id='word_1_155' title='bbox 641 2488 670 2548; x_wconf 88' lang='lat'><strong>6.</strong></span> <span class='ocrx_word' id='word_1_156' title='bbox 693 2482 855 2551; x_wconf 81' lang='lat' dir='ltr'><strong>Countttt.</strong></span> <span class='ocrx_word' id='word_1_157' title='bbox 880 2487 1014 2563; x_wconf 75' lang='grc' dir='ltr'><em>νομίσειε</em></span> <span class='ocrx_word' id='word_1_158' title='bbox 1038 2488 1071 2551; x_wconf 84' lang='grc' dir='ltr'><strong>οὐ</strong></span> <span class='ocrx_word' id='word_1_159' title='bbox 1095 2484 1185 2549; x_wconf 84' lang='grc' dir='ltr'><em>πόλιν</em></span> <span class='ocrx_word' id='word_1_160' title='bbox 1205 2484 1294 2563; x_wconf 71' lang='lat' dir='ltr'><strong>dorin,</strong></span> <span class='ocrx_word' id='word_1_161' title='bbox 1318 2482 1408 2546; x_wconf 79' lang='grc' dir='ltr'><em>α’λλα</em></span> <span class='ocrx_word' id='word_1_162' title='bbox 1434 2487 1485 2554; x_wconf 79' lang='grc' dir='ltr'><strong>νῆ-</strong></span> 
     </span>
     <span class='ocr_line' id='line_1_19' title="bbox 314 2584 1498 2679; baseline -0.001 -29"><span class='ocrx_word' id='word_1_163' title='bbox 314 2586 376 2679; x_wconf 77' lang='grc' dir='ltr'><em>σον.</em></span> <span class='ocrx_word' id='word_1_164' title='bbox 402 2586 552 2665; x_wconf 77' lang='grc' dir='ltr'><em>Νομίσας</em></span> <span class='ocrx_word' id='word_1_165' title='bbox 574 2587 744 2653; x_wconf 86' lang='lat' dir='ltr'><strong>barbarum</strong></span> <span class='ocrx_word' id='word_1_166' title='bbox 766 2602 812 2655; x_wconf 87' lang='lat' dir='ltr'><strong>est</strong></span> <span class='ocrx_word' id='word_1_167' title='bbox 831 2602 863 2654; x_wconf 91' lang='lat' dir='ltr'><strong>et</strong></span> <span class='ocrx_word' id='word_1_168' title='bbox 884 2613 953 2655; x_wconf 86' lang='lat' dir='ltr'><strong>sero</strong></span> <span class='ocrx_word' id='word_1_169' title='bbox 972 2587 1145 2654; x_wconf 85' lang='lat' dir='ltr'><strong>admodum</strong></span> <span class='ocrx_word' id='word_1_170' title='bbox 1165 2584 1344 2651; x_wconf 87' lang='lat' dir='ltr'><strong>istiusmodi</strong></span> <span class='ocrx_word' id='word_1_171' title='bbox 1364 2584 1498 2649; x_wconf 86' lang='lat' dir='ltr'><strong>forma&#39;e&#39;</strong></span> 
     </span>
     <span class='ocr_line' id='line_1_20' title="bbox 315 2691 1486 2785; baseline 0 -31"><span class='ocrx_word' id='word_1_172' title='bbox 315 2704 378 2754; x_wconf 90' lang='lat' dir='ltr'><strong>usu</strong></span> <span class='ocrx_word' id='word_1_173' title='bbox 392 2702 539 2782; x_wconf 77' lang='lat' dir='ltr'><strong>receptae</strong></span> <span class='ocrx_word' id='word_1_174' title='bbox 558 2704 630 2756; x_wconf 92' lang='lat' dir='ltr'><strong>sunt</strong></span> <span class='ocrx_word' id='word_1_175' title='bbox 650 2692 689 2757; x_wconf 91' lang='lat' dir='ltr'><strong>ab</strong></span> <span class='ocrx_word' id='word_1_176' title='bbox 710 2694 873 2773; x_wconf 89' lang='lat' dir='ltr'><strong>omnibns,</strong></span> <span class='ocrx_word' id='word_1_177' title='bbox 892 2694 1009 2759; x_wconf 88' lang='lat' dir='ltr'><strong>deinde</strong></span> <span class='ocrx_word' id='word_1_178' title='bbox 1022 2694 1139 2785; x_wconf 88' lang='lat' dir='ltr'><strong>passim</strong></span> <span class='ocrx_word' id='word_1_179' title='bbox 1159 2693 1193 2756; x_wconf 92' lang='lat' dir='ltr'><strong>in</strong></span> <span class='ocrx_word' id='word_1_180' title='bbox 1209 2704 1351 2757; x_wconf 86' lang='lat' dir='ltr'><strong>veterum</strong></span> <span class='ocrx_word' id='word_1_181' title='bbox 1369 2691 1486 2780; x_wconf 84' lang='lat' dir='ltr'><strong>scripta</strong></span> 
     </span>
     <span class='ocr_line' id='line_1_21' title="bbox 311 2794 1485 2888; baseline 0 -29"><span class='ocrx_word' id='word_1_182' title='bbox 311 2796 471 2877; x_wconf 80' lang='lat' dir='ltr'><strong>invectae,</strong></span> <span class='ocrx_word' id='word_1_183' title='bbox 503 2796 590 2863; x_wconf 88' lang='lat' dir='ltr'><strong>unde</strong></span> <span class='ocrx_word' id='word_1_184' title='bbox 612 2798 780 2863; x_wconf 79' lang='lat' dir='ltr'><strong>maximam</strong></span> <span class='ocrx_word' id='word_1_185' title='bbox 802 2812 926 2888; x_wconf 88' lang='lat' dir='ltr'><strong>partem</strong></span> <span class='ocrx_word' id='word_1_186' title='bbox 949 2798 1013 2865; x_wconf 89' lang='lat' dir='ltr'><strong>iam</strong></span> <span class='ocrx_word' id='word_1_187' title='bbox 1034 2798 1182 2888; x_wconf 80' lang='lat' dir='ltr'><strong>expulsae</strong></span> <span class='ocrx_word' id='word_1_188' title='bbox 1201 2808 1293 2875; x_wconf 84' lang='lat' dir='ltr'><strong>sunt,</strong></span> <span class='ocrx_word' id='word_1_189' title='bbox 1325 2794 1485 2886; x_wconf 88' lang='lat' dir='ltr'><strong>quidquid</strong></span> 
     </span>
     <span class='ocr_line' id='line_1_22' title="bbox 314 2882 1487 2985; baseline -0.001 -19"><span class='ocrx_word' id='word_1_190' title='bbox 314 2912 410 2967; x_wconf 87' lang='lat' dir='ltr'><strong>restat</strong></span> <span class='ocrx_word' id='word_1_191' title='bbox 441 2903 553 2969; x_wconf 86' lang='lat' dir='ltr'><strong>eodem</strong></span> <span class='ocrx_word' id='word_1_192' title='bbox 579 2903 676 2971; x_wconf 92' lang='lat' dir='ltr'><strong>modo</strong></span> <span class='ocrx_word' id='word_1_193' title='bbox 696 2882 936 2972; x_wconf 84' lang='lat' dir='ltr'><strong>eliminandum.</strong></span> <span class='ocrx_word' id='word_1_194' title='bbox 977 2905 1015 2971; x_wconf 91' lang='lat' dir='ltr'><strong>ln</strong></span> <span class='ocrx_word' id='word_1_195' title='bbox 1042 2903 1161 2971; x_wconf 86' lang='lat' dir='ltr'><strong>Codice</strong></span> <span class='ocrx_word' id='word_1_196' title='bbox 1182 2915 1230 2968; x_wconf 87' lang='lat' dir='ltr'><strong>est</strong></span> <span class='ocrx_word' id='word_1_197' title='bbox 1250 2902 1408 2985; x_wconf 81' lang='grc' dir='ltr'><em>νομίσαις,</em></span> <span class='ocrx_word' id='word_1_198' title='bbox 1433 2900 1487 2966; x_wconf 91' lang='lat' dir='ltr'><strong>cui</strong></span> 
     </span>
     <span class='ocr_line' id='line_1_23' title="bbox 315 2991 1487 3077; baseline 0.001 -7"><span class='ocrx_word' id='word_1_199' title='bbox 315 3006 340 3071; x_wconf 89' lang='lat' dir='ltr'><strong>si</strong></span> <span class='ocrx_word' id='word_1_200' title='bbox 360 3004 577 3075; x_wconf 72' lang='lat' dir='ltr'><strong>oinaddideris</strong></span> <span class='ocrx_word' id='word_1_201' title='bbox 593 2991 720 3076; x_wconf 72' lang='lat' dir='ltr'><strong>¹Graece</strong></span> <span class='ocrx_word' id='word_1_202' title='bbox 741 3008 861 3077; x_wconf 91' lang='lat' dir='ltr'><strong>dictum</strong></span> <span class='ocrx_word' id='word_1_203' title='bbox 883 3010 953 3075; x_wconf 90' lang='lat' dir='ltr'><strong>erit.</strong></span> <span class='ocrx_word' id='word_1_204' title='bbox 1000 3009 1124 3077; x_wconf 80' lang='lat' dir='ltr'><strong>Eodem</strong></span> <span class='ocrx_word' id='word_1_205' title='bbox 1144 3007 1241 3072; x_wconf 94' lang='lat' dir='ltr'><strong>modo</strong></span> <span class='ocrx_word' id='word_1_206' title='bbox 1264 3005 1299 3069; x_wconf 93' lang='lat' dir='ltr'><strong>in</strong></span> <span class='ocrx_word' id='word_1_207' title='bbox 1318 3006 1487 3072; x_wconf 76' lang='lat' dir='ltr'><strong>Pectora·</strong></span> 
     </span>
     <span class='ocr_line' id='line_1_24' title="bbox 313 3111 1485 3207; baseline -0.002 -30"><span class='ocrx_word' id='word_1_208' title='bbox 313 3112 400 3177; x_wconf 80' lang='grc' dir='ltr'><em>ίίόασ</em></span> <span class='ocrx_word' id='word_1_209' title='bbox 430 3120 544 3204; x_wconf 83' lang='lat' dir='ltr'><strong>quater</strong></span> <span class='ocrx_word' id='word_1_210' title='bbox 572 3128 724 3207; x_wconf 91' lang='lat' dir='ltr'><strong>peccatur</strong></span> <span class='ocrx_word' id='word_1_211' title='bbox 745 3116 778 3179; x_wconf 92' lang='lat' dir='ltr'><strong>in</strong></span> <span class='ocrx_word' id='word_1_212' title='bbox 803 3116 919 3194; x_wconf 82' lang='grc' dir='ltr'><em>κομίσω</em></span> <span class='ocrx_word' id='word_1_213' title='bbox 948 3138 1008 3205; x_wconf 92' lang='lat' dir='ltr'><strong>pro</strong></span> <span class='ocrx_word' id='word_1_214' title='bbox 1027 3120 1133 3192; x_wconf 82' lang='grc' dir='ltr'><em>κομιῶ.</em></span> <span class='ocrx_word' id='word_1_215' title='bbox 1153 3136 1184 3202; x_wconf 89' lang='lat' dir='ltr'><strong>p.</strong></span> <span class='ocrx_word' id='word_1_216' title='bbox 1206 3114 1258 3181; x_wconf 77' lang='grc'><strong>86.</strong></span> <span class='ocrx_word' id='word_1_217' title='bbox 1283 3111 1485 3189; x_wconf 88' lang='grc' dir='ltr'><em>κομίσονσαν.</em></span> 
     </span>
     <span class='ocr_line' id='line_1_25' title="bbox 312 3217 1487 3312; baseline -0.002 -29"><span class='ocrx_word' id='word_1_218' title='bbox 312 3241 346 3307; x_wconf 91' lang='lat' dir='ltr'><strong>p.</strong></span> <span class='ocrx_word' id='word_1_219' title='bbox 369 3221 441 3284; x_wconf 88' lang='lat'><strong>160.</strong></span> <span class='ocrx_word' id='word_1_220' title='bbox 463 3222 612 3299; x_wconf 82' lang='grc' dir='ltr'><em>κομίσειν.</em></span> <span class='ocrx_word' id='word_1_221' title='bbox 638 3246 669 3312; x_wconf 92' lang='lat' dir='ltr'><strong>p.</strong></span> <span class='ocrx_word' id='word_1_222' title='bbox 693 3224 766 3287; x_wconf 85' lang='grc'><strong>766.</strong></span> <span class='ocrx_word' id='word_1_223' title='bbox 790 3221 974 3297; x_wconf 87' lang='grc' dir='ltr'><em>κομίσονσα.</em></span> <span class='ocrx_word' id='word_1_224' title='bbox 997 3245 1028 3311; x_wconf 93' lang='lat' dir='ltr'><strong>p.</strong></span> <span class='ocrx_word' id='word_1_225' title='bbox 1052 3223 1125 3285; x_wconf 88' lang='grc'><strong>167.</strong></span> <span class='ocrx_word' id='word_1_226' title='bbox 1148 3217 1349 3295; x_wconf 86' lang='grc' dir='ltr'><em>κομίσονσαν.</em></span> <span class='ocrx_word' id='word_1_227' title='bbox 1386 3217 1487 3282; x_wconf 85' lang='lat' dir='ltr'><strong>lleete</strong></span> 
     </span>
     <span class='ocr_line' id='line_1_26' title="bbox 316 3320 1487 3416; baseline 0.001 -28"><span class='ocrx_word' id='word_1_228' title='bbox 316 3321 393 3388; x_wconf 89' lang='lat' dir='ltr'><strong>Cod.</strong></span> <span class='ocrx_word' id='word_1_229' title='bbox 421 3348 453 3414; x_wconf 94' lang='lat' dir='ltr'><strong>p.</strong></span> <span class='ocrx_word' id='word_1_230' title='bbox 477 3328 551 3392; x_wconf 82' lang='lat'><strong>157.</strong></span> <span class='ocrx_word' id='word_1_231' title='bbox 575 3326 754 3409; x_wconf 78' lang='grc' dir='ltr'><em>χαριεῖσθαι</em></span> <span class='ocrx_word' id='word_1_232' title='bbox 784 3325 873 3391; x_wconf 88' lang='lat' dir='ltr'><strong>dedit</strong></span> <span class='ocrx_word' id='word_1_233' title='bbox 902 3350 962 3416; x_wconf 85' lang='lat' dir='ltr'><strong>pro</strong></span> <span class='ocrx_word' id='word_1_234' title='bbox 988 3326 1195 3407; x_wconf 86' lang='grc' dir='ltr'><em>χαρίσασθαι.</em></span> <span class='ocrx_word' id='word_1_235' title='bbox 1243 3320 1316 3387; x_wconf 84' lang='grc' dir='ltr'><em>Νοιι</em></span> <span class='ocrx_word' id='word_1_236' title='bbox 1346 3336 1393 3389; x_wconf 84' lang='lat' dir='ltr'><strong>est</strong></span> <span class='ocrx_word' id='word_1_237' title='bbox 1422 3322 1487 3389; x_wconf 86' lang='lat' dir='ltr'><strong>huc</strong></span> 
     </span>
     <span class='ocr_line' id='line_1_27' title="bbox 314 3428 1488 3521; baseline 0.002 -28"><span class='ocrx_word' id='word_1_238' title='bbox 314 3428 509 3496; x_wconf 88' lang='lat' dir='ltr'><strong>trahendum</strong></span> <span class='ocrx_word' id='word_1_239' title='bbox 535 3432 645 3513; x_wconf 86' lang='grc' dir='ltr'><em>σνρίσοι</em></span> <span class='ocrx_word' id='word_1_240' title='bbox 670 3454 701 3521; x_wconf 93' lang='lat' dir='ltr'><strong>p.</strong></span> <span class='ocrx_word' id='word_1_241' title='bbox 722 3434 774 3496; x_wconf 87' lang='lat'><strong>79.</strong></span> <span class='ocrx_word' id='word_1_242' title='bbox 793 3433 955 3513; x_wconf 86' lang='grc' dir='ltr'><em>σνρίσετε,</em></span> <span class='ocrx_word' id='word_1_243' title='bbox 981 3455 1055 3497; x_wconf 92' lang='lat' dir='ltr'><strong>nam</strong></span> <span class='ocrx_word' id='word_1_244' title='bbox 1077 3429 1380 3514; x_wconf 63' lang='grc' dir='ltr'><em>Ιιοιιῦιιεσιιρίττον,</em></span> <span class='ocrx_word' id='word_1_245' title='bbox 1404 3430 1488 3510; x_wconf 84' lang='grc' dir='ltr'><em>συρί-</em></span> 
     </span>
     <span class='ocr_line' id='line_1_28' title="bbox 316 3534 1528 3630; baseline 0.002 -31"><span class='ocrx_word' id='word_1_246' title='bbox 316 3538 377 3609; x_wconf 63' lang='grc' dir='ltr'><strong>σω.</strong></span> <span class='ocrx_word' id='word_1_247' title='bbox 403 3537 530 3617; x_wconf 81' lang='grc' dir='ltr'><em>ἐσύρισα</em></span> <span class='ocrx_word' id='word_1_248' title='bbox 551 3549 659 3601; x_wconf 90' lang='lat' dir='ltr'><strong>contra</strong></span> <span class='ocrx_word' id='word_1_249' title='bbox 683 3558 776 3601; x_wconf 88' lang='lat' dir='ltr'><strong>usum</strong></span> <span class='ocrx_word' id='word_1_250' title='bbox 801 3536 1111 3630; x_wconf 34' lang='grc' dir='ltr'><em>ίσιειιιιειζοοιίίιεεο</em></span> <span class='ocrx_word' id='word_1_251' title='bbox 1127 3536 1218 3601; x_wconf 89' lang='lat' dir='ltr'><strong>solet.</strong></span> <span class='ocrx_word' id='word_1_252' title='bbox 1248 3534 1376 3600; x_wconf 91' lang='lat' dir='ltr'><strong>Ibidem</strong></span> <span class='ocrx_word' id='word_1_253' title='bbox 1395 3559 1426 3625; x_wconf 96' lang='lat' dir='ltr'><strong>p.</strong></span> <span class='ocrx_word' id='word_1_254' title='bbox 1444 3540 1487 3601; x_wconf 90' lang='grc'><strong>79</strong></span> <span class='ocrx_word' id='word_1_255' title='bbox 1518 3548 1528 3561; x_wconf 88' lang='grc'><strong><em>’</em></strong></span> 
     </span>
     <span class='ocr_line' id='line_1_29' title="bbox 317 3639 1489 3731; baseline 0.003 -28"><span class='ocrx_word' id='word_1_256' title='bbox 317 3639 465 3704; x_wconf 79' lang='lat' dir='ltr'><strong>vitiosum</strong></span> <span class='ocrx_word' id='word_1_257' title='bbox 495 3650 542 3705; x_wconf 89' lang='lat' dir='ltr'><strong>est</strong></span> <span class='ocrx_word' id='word_1_258' title='bbox 569 3642 739 3719; x_wconf 81' lang='grc' dir='ltr'><em>νεμήσετε,</em></span> <span class='ocrx_word' id='word_1_259' title='bbox 766 3641 820 3705; x_wconf 87' lang='lat' dir='ltr'><strong>sed</strong></span> <span class='ocrx_word' id='word_1_260' title='bbox 840 3641 939 3731; x_wconf 89' lang='lat' dir='ltr'><strong>ipsius</strong></span> <span class='ocrx_word' id='word_1_261' title='bbox 962 3642 1110 3707; x_wconf 82' lang='lat' dir='ltr'><strong>Rhetoris</strong></span> <span class='ocrx_word' id='word_1_262' title='bbox 1133 3642 1211 3706; x_wconf 85' lang='lat' dir='ltr'><strong>ritio</strong></span> <span class='ocrx_word' id='word_1_263' title='bbox 1230 3653 1400 3730; x_wconf 87' lang='lat' dir='ltr'><strong>peccatum</strong></span> <span class='ocrx_word' id='word_1_264' title='bbox 1420 3662 1489 3707; x_wconf 87' lang='lat' dir='ltr'><strong>esso</strong></span> 
     </span>
     <span class='ocr_line' id='line_1_30' title="bbox 317 3744 1523 3837; baseline 0.006 -29"><span class='ocrx_word' id='word_1_265' title='bbox 317 3744 477 3833; x_wconf 89' lang='lat' dir='ltr'><strong>suspicor,</strong></span> <span class='ocrx_word' id='word_1_266' title='bbox 510 3768 583 3809; x_wconf 88' lang='lat' dir='ltr'><strong>nam</strong></span> <span class='ocrx_word' id='word_1_267' title='bbox 614 3755 645 3808; x_wconf 85' lang='lat' dir='ltr'><strong>et</strong></span> <span class='ocrx_word' id='word_1_268' title='bbox 670 3744 748 3809; x_wconf 89' lang='lat' dir='ltr'><strong>alios</strong></span> <span class='ocrx_word' id='word_1_269' title='bbox 775 3746 819 3811; x_wconf 89' lang='lat' dir='ltr'><strong>ita</strong></span> <span class='ocrx_word' id='word_1_270' title='bbox 844 3746 909 3810; x_wconf 84' lang='lat' dir='ltr'><strong>ridi</strong></span> <span class='ocrx_word' id='word_1_271' title='bbox 928 3768 1172 3837; x_wconf 85' lang='lat' dir='ltr'><strong>nonnumquam</strong></span> <span class='ocrx_word' id='word_1_272' title='bbox 1195 3767 1315 3824; x_wconf 87' lang='lat' dir='ltr'><strong>errare,</strong></span> <span class='ocrx_word' id='word_1_273' title='bbox 1339 3757 1375 3809; x_wconf 88' lang='lat' dir='ltr'><strong>ut</strong></span> <span class='ocrx_word' id='word_1_274' title='bbox 1400 3745 1487 3814; x_wconf 78' lang='lat' dir='ltr'><strong>t’no·</strong></span> <span class='ocrx_word' id='word_1_275' title='bbox 1520 3812 1523 3818; x_wconf 88' lang='grc'><em>,</em></span> 
     </span>
     <span class='ocr_line' id='line_1_31' title="bbox 318 3848 1486 3932; baseline 0.002 -17"><span class='ocrx_word' id='word_1_276' title='bbox 318 3852 478 3917; x_wconf 72' lang='lat' dir='ltr'><strong>ruticuurr</strong></span> <span class='ocrx_word' id='word_1_277' title='bbox 506 3851 552 3915; x_wconf 43' lang='lat' dir='ltr'><strong>in&gt;</strong></span> <span class='ocrx_word' id='word_1_278' title='bbox 571 3848 718 3917; x_wconf 83' lang='lat' dir='ltr'><strong>Caesare</strong></span> <span class='ocrx_word' id='word_1_279' title='bbox 742 3854 793 3917; x_wconf 91' lang='grc'><strong>19.</strong></span> <span class='ocrx_word' id='word_1_280' title='bbox 828 3854 1082 3932; x_wconf 75' lang='grc' dir='ltr'><em>ἐπινεμήσεσθαι.</em></span> <span class='ocrx_word' id='word_1_281' title='bbox 1131 3854 1264 3917; x_wconf 86' lang='lat' dir='ltr'><strong>Formae</strong></span> <span class='ocrx_word' id='word_1_282' title='bbox 1294 3853 1424 3919; x_wconf 81' lang='lat' dir='ltr'><strong>vitiosae</strong></span> <span class='ocrx_word' id='word_1_283' title='bbox 1452 3850 1486 3917; x_wconf 83' lang='lat' dir='ltr'><strong>in</strong></span> 
     </span>
     <span class='ocr_line' id='line_1_32' title="bbox 317 3955 1487 4049; baseline 0.005 -30"><span class='ocrx_word' id='word_1_284' title='bbox 317 3955 386 4020; x_wconf 85' lang='grc' dir='ltr'><em>-ίσον</em></span> <span class='ocrx_word' id='word_1_285' title='bbox 408 3968 441 4020; x_wconf 91' lang='lat' dir='ltr'><strong>et</strong></span> <span class='ocrx_word' id='word_1_286' title='bbox 458 3956 581 4035; x_wconf 88' lang='grc' dir='ltr'><em>-ίσομαι</em></span> <span class='ocrx_word' id='word_1_287' title='bbox 600 3981 658 4047; x_wconf 88' lang='lat' dir='ltr'><strong>pro</strong></span> <span class='ocrx_word' id='word_1_288' title='bbox 678 3959 727 4022; x_wconf 79' lang='grc' dir='ltr'><strong>-ιῶ</strong></span> <span class='ocrx_word' id='word_1_289' title='bbox 750 3971 782 4023; x_wconf 89' lang='lat' dir='ltr'><strong>et</strong></span> <span class='ocrx_word' id='word_1_290' title='bbox 800 3956 922 4037; x_wconf 75' lang='grc' dir='ltr'><em>-ιοῦρὶαι</em></span> <span class='ocrx_word' id='word_1_291' title='bbox 945 3960 1060 4049; x_wconf 87' lang='lat' dir='ltr'><strong>passim</strong></span> <span class='ocrx_word' id='word_1_292' title='bbox 1082 3960 1276 4048; x_wconf 87' lang='lat' dir='ltr'><strong>irrepserunt</strong></span> <span class='ocrx_word' id='word_1_293' title='bbox 1296 3958 1331 4023; x_wconf 93' lang='lat' dir='ltr'><strong>in</strong></span> <span class='ocrx_word' id='word_1_294' title='bbox 1352 3959 1487 4049; x_wconf 87' lang='lat' dir='ltr'><strong>scripto·</strong></span> 
     </span>
     <span class='ocr_line' id='line_1_33' title="bbox 316 4062 1486 4153; baseline 0.006 -28"><span class='ocrx_word' id='word_1_295' title='bbox 316 4062 533 4143; x_wconf 81' lang='lat' dir='ltr'><strong>rosdtticos,</strong></span> <span class='ocrx_word' id='word_1_296' title='bbox 566 4086 705 4153; x_wconf 91' lang='lat' dir='ltr'><strong>quorum</strong></span> <span class='ocrx_word' id='word_1_297' title='bbox 730 4062 866 4131; x_wconf 89' lang='lat' dir='ltr'><strong>Codices</strong></span> <span class='ocrx_word' id='word_1_298' title='bbox 897 4084 956 4129; x_wconf 84' lang='lat' dir='ltr'><strong>nec</strong></span> <span class='ocrx_word' id='word_1_299' title='bbox 986 4077 1105 4130; x_wconf 81' lang='lat' dir='ltr'><strong>veteres</strong></span> <span class='ocrx_word' id='word_1_300' title='bbox 1130 4086 1190 4129; x_wconf 88' lang='lat' dir='ltr'><strong>nee</strong></span> <span class='ocrx_word' id='word_1_301' title='bbox 1210 4063 1289 4129; x_wconf 92' lang='lat' dir='ltr'><strong>boni</strong></span> <span class='ocrx_word' id='word_1_302' title='bbox 1307 4076 1486 4153; x_wconf 89' lang='lat' dir='ltr'><strong>supersunt.</strong></span> 
     </span>
     <span class='ocr_line' id='line_1_34' title="bbox 316 4166 1486 4259; baseline 0.003 -27"><span class='ocrx_word' id='word_1_303' title='bbox 316 4166 429 4257; x_wconf 85' lang='lat' dir='ltr'><strong>ltaque</strong></span> <span class='ocrx_word' id='word_1_304' title='bbox 450 4168 482 4233; x_wconf 92' lang='lat' dir='ltr'><strong>in</strong></span> <span class='ocrx_word' id='word_1_305' title='bbox 506 4167 606 4233; x_wconf 76' lang='lat' dir='ltr'><strong>Lrsnt</strong></span> <span class='ocrx_word' id='word_1_306' title='bbox 626 4192 776 4259; x_wconf 89' lang='lat' dir='ltr'><strong>persaepe</strong></span> <span class='ocrx_word' id='word_1_307' title='bbox 799 4183 968 4259; x_wconf 90' lang='lat' dir='ltr'><strong>apparent,</strong></span> <span class='ocrx_word' id='word_1_308' title='bbox 992 4182 1028 4235; x_wconf 93' lang='lat' dir='ltr'><strong>ut</strong></span> <span class='ocrx_word' id='word_1_309' title='bbox 1048 4168 1120 4235; x_wconf 85' lang='lat' dir='ltr'><strong>Xll.</strong></span> <span class='ocrx_word' id='word_1_310' title='bbox 1134 4173 1186 4235; x_wconf 80' lang='lat' dir='ltr'><strong>rt.</strong></span> <span class='ocrx_word' id='word_1_311' title='bbox 1211 4166 1292 4240; x_wconf 74' lang='grc' dir='ltr'><em>ὅπως</em></span> <span class='ocrx_word' id='word_1_312' title='bbox 1309 4172 1486 4247; x_wconf 73' lang='grc' dir='ltr'><em>μήτόίνα-</em></span> 
     </span>
     <span class='ocr_line' id='line_1_35' title="bbox 316 4274 1486 4364; baseline 0.002 -27"><span class='ocrx_word' id='word_1_313' title='bbox 316 4274 362 4338; x_wconf 75' lang='lat' dir='ltr'><strong>tto</strong></span> <span class='ocrx_word' id='word_1_314' title='bbox 394 4275 492 4353; x_wconf 77' lang='grc' dir='ltr'><em>μηδὲν</em></span> <span class='ocrx_word' id='word_1_315' title='bbox 523 4275 702 4359; x_wconf 79' lang='grc' dir='ltr'><em>ψηφίσεσίε</em></span> <span class='ocrx_word' id='word_1_316' title='bbox 725 4278 848 4339; x_wconf 81' lang='grc' dir='ltr'><em>πολλῶν</em></span> <span class='ocrx_word' id='word_1_317' title='bbox 872 4300 908 4341; x_wconf 87' lang='grc' dir='ltr'><strong>τε</strong></span> <span class='ocrx_word' id='word_1_318' title='bbox 938 4277 1049 4348; x_wconf 71' lang='grc' dir='ltr'><em>ἐνδεεῖς</em></span> <span class='ocrx_word' id='word_1_319' title='bbox 1077 4274 1201 4349; x_wconf 81' lang='grc' dir='ltr'><em>ἔσεσθε,</em></span> <span class='ocrx_word' id='word_1_320' title='bbox 1235 4274 1293 4340; x_wconf 87' lang='lat' dir='ltr'><strong>ubi</strong></span> <span class='ocrx_word' id='word_1_321' title='bbox 1318 4296 1486 4364; x_wconf 85' lang='lat' dir='ltr'><strong>perperam</strong></span> 
     </span>
     <span class='ocr_line' id='line_1_36' title="bbox 314 4370 1512 4469; baseline 0.003 -30"><span class='ocrx_word' id='word_1_322' title='bbox 314 4376 510 4459; x_wconf 80' lang='grc' dir='ltr'><em>ψηφίσαισθε</em></span> <span class='ocrx_word' id='word_1_323' title='bbox 532 4380 759 4469; x_wconf 89' lang='lat' dir='ltr'><strong>rescripserunt</strong></span> <span class='ocrx_word' id='word_1_324' title='bbox 778 4401 836 4468; x_wconf 85' lang='lat' dir='ltr'><strong>pro</strong></span> <span class='ocrx_word' id='word_1_325' title='bbox 856 4382 1038 4462; x_wconf 73' lang='grc' dir='ltr'><strong>ψηφιεῖσθε.</strong></span> <span class='ocrx_word' id='word_1_326' title='bbox 1082 4380 1122 4446; x_wconf 85' lang='grc' dir='ltr'><strong>Ιιι</strong></span> <span class='ocrx_word' id='word_1_327' title='bbox 1142 4380 1375 4445; x_wconf 81' lang='lat' dir='ltr'><strong>errtoruourrs</strong></span> <span class='ocrx_word' id='word_1_328' title='bbox 1394 4380 1485 4446; x_wconf 77' lang='lat' dir='ltr'><strong>lieu.</strong></span> <span class='ocrx_word' id='word_1_329' title='bbox 1506 4370 1512 4378; x_wconf 40' lang='lat'><strong>²</strong></span> 
     </span>
    </p>
   </div>
   <div class='ocr_carea' id='block_1_3' title="bbox 315 4479 1591 4564">
    <p class='ocr_par' dir='ltr' id='par_1_3' title="bbox 315 4479 1591 4564">
     <span class='ocr_line' id='line_1_37' title="bbox 315 4479 1591 4564; baseline 0.004 -20"><span class='ocrx_word' id='word_1_330' title='bbox 315 4479 371 4547; x_wconf 81' lang='lat' dir='ltr'><strong>lt.</strong></span> <span class='ocrx_word' id='word_1_331' title='bbox 390 4498 460 4547; x_wconf 84' lang='lat' dir='ltr'><strong>r111.</strong></span> <span class='ocrx_word' id='word_1_332' title='bbox 483 4485 510 4549; x_wconf 89' lang='lat'><strong>1.</strong></span> <span class='ocrx_word' id='word_1_333' title='bbox 536 4484 618 4549; x_wconf 88' lang='lat' dir='ltr'><strong>male</strong></span> <span class='ocrx_word' id='word_1_334' title='bbox 637 4482 853 4551; x_wconf 72' lang='lat' dir='ltr'><strong>Scnsnmnns</strong></span> <span class='ocrx_word' id='word_1_335' title='bbox 871 4484 1072 4564; x_wconf 84' lang='grc' dir='ltr'><em>ἐντειχίσοιεν</em></span> <span class='ocrx_word' id='word_1_336' title='bbox 1089 4483 1486 4562; x_wconf 82' lang='lat' dir='ltr'><strong>inrerit,beneD1rtoo1r-</strong></span> <span class='ocrx_word' id='word_1_337' title='bbox 1586 4506 1591 4516; x_wconf 68' lang='lat'><strong><em>¹</em></strong></span> 
     </span>
    </p>
   </div>
   <div class='ocr_carea' id='block_1_4' title="bbox 315 4588 1486 4778">
    <p class='ocr_par' dir='ltr' id='par_1_4' title="bbox 315 4588 1486 4778">
     <span class='ocr_line' id='line_1_38' title="bbox 315 4588 1486 4680; baseline 0.007 -31"><span class='ocrx_word' id='word_1_338' title='bbox 315 4602 386 4650; x_wconf 77' lang='lat' dir='ltr'><strong>tuus</strong></span> <span class='ocrx_word' id='word_1_339' title='bbox 414 4588 605 4668; x_wconf 77' lang='grc' dir='ltr'><em>ἐντειχιοῑεν.</em></span> <span class='ocrx_word' id='word_1_340' title='bbox 649 4589 773 4667; x_wconf 85' lang='grc' dir='ltr'><em>Κομίσοι</em></span> <span class='ocrx_word' id='word_1_341' title='bbox 805 4601 840 4655; x_wconf 86' lang='lat' dir='ltr'><strong>et</strong></span> <span class='ocrx_word' id='word_1_342' title='bbox 874 4588 991 4653; x_wconf 90' lang='lat' dir='ltr'><strong>similia</strong></span> <span class='ocrx_word' id='word_1_343' title='bbox 1024 4589 1130 4653; x_wconf 86' lang='lat' dir='ltr'><strong>omnia</strong></span> <span class='ocrx_word' id='word_1_344' title='bbox 1159 4588 1245 4680; x_wconf 90' lang='lat' dir='ltr'><strong>apud</strong></span> <span class='ocrx_word' id='word_1_345' title='bbox 1276 4588 1486 4657; x_wconf 74' lang='lat' dir='ltr'><strong>Athenienses</strong></span> 
     </span>
     <span class='ocr_line' id='line_1_39' title="bbox 315 4692 1165 4778; baseline 0.013 -24"><span class='ocrx_word' id='word_1_346' title='bbox 315 4692 593 4763; x_wconf 85' lang='lat' dir='ltr'><strong>coniunctirorum</strong></span> <span class='ocrx_word' id='word_1_347' title='bbox 614 4696 721 4763; x_wconf 76' lang='lat' dir='ltr'><strong>coristi</strong></span> <span class='ocrx_word' id='word_1_348' title='bbox 741 4708 830 4778; x_wconf 91' lang='lat' dir='ltr'><strong>sunt,</strong></span> <span class='ocrx_word' id='word_1_349' title='bbox 856 4707 897 4762; x_wconf 88' lang='lat' dir='ltr'><strong>ut·</strong></span> <span class='ocrx_word' id='word_1_350' title='bbox 912 4696 945 4763; x_wconf 89' lang='lat' dir='ltr'><strong>in</strong></span> <span class='ocrx_word' id='word_1_351' title='bbox 957 4695 1069 4763; x_wconf 71' lang='lat' dir='ltr'><strong>Pluto</strong></span> <span class='ocrx_word' id='word_1_352' title='bbox 1088 4698 1165 4765; x_wconf 84' lang='grc'><strong>768.</strong></span> 
     </span>
    </p>
   </div>
   <div class='ocr_carea' id='block_1_5' title="bbox 0 0 1891 5717">
    <p class='ocr_par' dir='ltr' id='par_1_5' title="bbox 0 0 1891 5717">
     <span class='ocr_line' id='line_1_40' title="bbox 0 0 1891 5717; baseline 0 0"><span class='ocrx_word' id='word_1_353' title='bbox 0 0 1891 5717; x_wconf 95' lang='lat' dir='ltr'><strong> </strong></span> 
     </span>
    </p>
   </div>
  </div>
 </body>
</html>
