3767 5717
981 554 1001 618 d

395 726 444 799 los
467 731 647 799 ineruditos
669 731 837 797 hominum
860 726 948 795 aliud
964 731 1128 815 agentium
1159 726 1331 808 fallebant,
1355 730 1410 799 sed
1435 733 1480 799 ita
1500 732 1595 802 salle·

395 838 491 917 hant,
514 845 551 903 ut
571 838 641 924 ipsa
664 838 742 902 vitia
774 838 850 902 hine
879 842 956 901 nata
979 842 1067 901 certa
1096 835 1231 921 vestigia
1254 854 1349 902 verae
1371 835 1520 904 lectionis
1553 850 1593 906 et

395 943 572 1029 imaginem
601 943 773 1029 qnamdam
806 943 1004 1019 retinerent,
1034 940 1202 1007 obscuram
1225 947 1259 1007 et
1287 938 1466 1027 fugientem
1497 943 1591 1011 illam

394 1050 527 1137 quidem
550 1048 606 1115 sed
630 1068 712 1136 quae
733 1055 828 1115 acute
851 1046 1058 1114 cernentibus
1078 1046 1178 1113 oculis
1191 1066 1323 1125 eorum,
1349 1047 1405 1132 qui
1426 1068 1479 1115 res
1499 1048 1590 1135 ipsas

395 1163 428 1221 et
454 1163 580 1221 eertum
602 1154 729 1221 dicendi
761 1173 855 1220 usum
884 1160 1015 1218 teneant
1040 1152 1171 1239 agnosci
1194 1160 1227 1217 et
1250 1151 1421 1238 pristinam
1446 1152 1589 1239 ligurem

396 1262 540 1347 recipere
563 1260 664 1347 possit
684 1268 717 1325 et
740 1276 891 1346 expressa
910 1276 1076 1344 apparere.

439 1366 521 1431 Nam
547 1373 773 1453 praeterquam
791 1364 876 1451 quod
891 1361 1102 1430 distrahenda
1122 1362 1344 1449 coniungunt,
1361 1363 1589 1451 coniungenda

391 1468 601 1547 distrahunt,
626 1488 710 1557 quae
734 1489 786 1538 res
813 1470 972 1537 mirificas
993 1467 1104 1535 turbas
1126 1467 1203 1533 dare
1227 1468 1327 1547 solet,
1350 1468 1405 1535 sed
1428 1469 1499 1535 sine
1521 1469 1588 1536 ullo

392 1575 511 1641 damno
535 1577 662 1660 antiqui
685 1578 886 1641 monumenti
907 1574 992 1641 ludit
1018 1574 1154 1639 lectores
1170 1574 1279 1639 minus
1299 1582 1433 1650 acutos,
1463 1574 1587 1643 littera·

392 1700 467 1747 rum
492 1680 612 1747 lermas
631 1701 729 1768 paene
754 1680 877 1747 similes
897 1689 954 1747 aut
978 1700 1040 1745 non
1055 1678 1194 1745 multum
1212 1677 1386 1745 dissimiles
1409 1678 1587 1749 ridiculum

392 1788 427 1850 in
444 1785 576 1852 modum
602 1788 738 1853 miseere
758 1785 871 1852 solent.
918 1797 948 1851 A
967 1805 1008 1851 an
1021 1795 1060 1851 ·Δ
1084 1804 1126 1852 an
1150 1794 1180 1850 A
1201 1784 1244 1850 sit
1259 1784 1417 1871 scriptum
1434 1794 1491 1852 aut
1507 1788 1587 1853 scri-

392 1889 535 1957 nendum
555 1912 615 1958 nee
639 1892 748 1957 sciunt
773 1910 832 1957 nee
852 1891 1014 1977 cogitant,
1038 1890 1189 1957 similiter
1211 1892 1329 1977 passim
1354 1900 1377 1955 Γ
1405 1899 1437 1957 et
1457 1902 1489 1957 T
1511 1912 1586 1959 eon·

394 1995 537 2063 fundunt
564 2006 596 2064 et
620 2006 666 2077 Ε,
692 2007 813 2075 Θ,0,
839 2003 884 2072 C,
909 1993 939 2062 et
966 2006 1085 2073 Z,T,
1110 2002 1290 2073 etH‚N,
1314 2004 1377 2074 ΤΙ,
1401 2006 1471 2074 ΙΤ,
1495 2006 1527 2064 et
1550 2008 1583 2077 1,

393 2111 439 2177 Γ,
464 2112 493 2168 Τ
517 2111 548 2169 et
572 2114 622 2180 Κ,
655 2110 712 2181 lc,
735 2110 768 2168 et
790 2100 849 2179 M,
872 2110 956 2178 ΑΛ,
979 2111 1062 2178 ΑΛ,
1085 2101 1169 2176 ΛΑ,
1201 2110 1266 2179 Nl,
1286 2108 1318 2167 et
1341 2111 1390 2179 Ν,
1413 2110 1459 2168 Al
1483 2111 1515 2170 et
1540 2115 1584 2182 Ξ,

396 2218 421 2272 Z
445 2215 477 2273 et
501 2219 550 2285 Π,
586 2217 828 2287 H‚T1,TT,
854 2206 1584 2293 ΙΤ,ΓΙ,ΙΓ,11Ψ,Τ,1111111111111111111111

391 2311 449 2378 hos
470 2332 596 2380 errores
619 2311 843 2399 coniungendo
869 2318 902 2378 et
925 2311 1089 2379 miscendo
1112 2330 1210 2398 prope
1231 2313 1419 2379 innumeros
1444 2312 1577 2383 iaciunt.

438 2414 624 2484 Nascuntur
646 2440 686 2486 ex
718 2417 778 2485 hac
802 2416 948 2483 socordia
977 2425 1035 2483 1111
1062 2424 1207 2482 monstra
1229 2416 1479 2498 vocabulorum,
1502 2438 1580 2505 quac

391 2520 485 2588 facile
508 2523 549 2589 ab
569 2524 723 2590 omnibus
749 2531 967 2611 procurentur
991 2522 1067 2608 quia
1097 2521 1212 2589 lallunt
1239 2524 1419 2603 neminem,
1443 2532 1499 2591 aut
1519 2522 1580 2593 aliu

389 2646 429 2693 ex
453 2627 526 2693 aliis
547 2638 673 2696 mutata
697 2637 827 2716 repenle
847 2628 951 2694 lorma
974 2627 1069 2695 uerba
1097 2628 1214 2695 Graeca
1238 2636 1402 2716 apparent.
1451 2630 1583 2698 Amanus

390 2734 446 2818 qui
470 2732 577 2800 luerat
602 2735 793 2823 necopinato
818 2736 914 2801 uertit
935 2735 968 2799 in
1000 2736 1161 2821 fortunam
1182 2735 1281 2822 fitque
1301 2734 1386 2816 τύχυ
1411 2754 1449 2801 ex
1471 2740 1582 2819 ψυχή,

388 2848 571 2923 sequuntur
593 2841 730 2921 εὐτυχίαι
749 2878 796 2889 -
815 2840 981 2921 εὐψυχία,
1005 2842 1146 2919 εὐτυχῶς
1168 2874 1211 2887 -·—
1230 2841 1397 2920 εὐψύχως,
1418 2850 1524 2907 celera
1539 2843 1579 2908 ad

388 2943 522 3008 eandem
557 2956 717 3012 normam.
767 2945 801 3009 Si
826 2962 980 3027 magnum
1005 2950 1054 3006 est
1080 2942 1127 3005 nil
1148 2943 1276 3021 mirari,
1304 2944 1436 3031 iniquus
1461 2946 1502 3011 sil
1522 2950 1578 3033 qui

387 3047 470 3113 harre
492 3046 621 3113 laudem
641 3048 782 3113 librariis
803 3048 882 3113 nolit
901 3046 1072 3132 impertiri.
1097 3047 1296 3115 lliountura
1321 3050 1447 3117 Dionis.
1472 3052 1577 3121 linere.

388 3153 443 3217 IX.
470 3157 512 3218 29
537 3155 570 3218 in
593 3154 713 3240 praelio
735 3153 1579 3240 01111111ιί311τῶντρυτυυτῶντιυὲςεὐτυχύςύγυ-

384 3256 553 3338 νιζόμευοι,
577 3260 705 3325 llersmo
722 3267 836 3325 contra
856 3258 915 3323 hoc
935 3258 1084 3324 miserum
1097 3260 1266 3329 videbatur
1288 3269 1320 3329 et
1340 3265 1468 3345 ἀτυχῶς
1488 3286 1576 3355 repo·

384 3364 473 3438 suit,
500 3364 555 3430 sed
578 3373 703 3431 veteres
726 3367 772 3431 sie
793 3383 896 3451 neque
914 3365 1058 3451 cogitant
1078 3386 1182 3453 neque
1203 3365 1392 3455 loquuntur.
1441 3372 1577 3439 Romani

383 3467 505 3535 milites
529 3470 568 3536 de
592 3466 682 3545 more
707 3473 855 3553 εὐψύχως
875 3481 1106 3557 pugnaverant.
1134 3472 1226 3560 Apud
1246 3473 1383 3541 eundem
1415 3477 1492 3545 urbs
1512 3500 1577 3545 ma·

386 3594 449 3659 gna
475 3582 506 3640 et
530 3574 681 3662 opulenta
709 3579 741 3643 in
772 3598 853 3645 unas
876 3578 971 3645 aedes
1002 3578 1206 3646 contrahitur
1231 3579 1285 3645 111.
1311 3586 1361 3646 11.
1384 3584 1400 3659 ἡ
1424 3583 1514 3660 πόλις
1535 3589 1578 3661 εἰς

386 3679 543 3749 §adenona
564 3681 669 3751 οἴκου
689 3694 838 3763 συνῆκται
850 3737 860 3766 ,
873 3686 957 3773 quod
970 3688 1027 3773 qui
1048 3707 1111 3752 non
1127 3686 1232 3772 capiet
1253 3705 1380 3753 mecum
1393 3688 1485 3767 ὄγκου
1509 3710 1580 3777 pro·

385 3784 484 3855 habit.
533 3789 619 3855 Nihil
636 3799 685 3857 est
701 3792 856 3858 adversus
876 3792 934 3856 hos
958 3811 1083 3856 errores
1102 3791 1180 3854 satis
1203 3798 1310 3853 tutum
1332 3792 1381 3855 vel
1402 3796 1574 3859 munitum.

381 3891 453 3976 lpse
474 3914 622 3958 summus
649 3896 771 3960 Iurrrun
791 3898 824 3958 in
851 3912 985 3956 nunrmo
1009 3893 1146 3955 Cretensi
1167 3892 1263 3952 vertit
1285 3893 1318 3952 in
1342 3892 1516 3957 articulum
1543 3904 1575 3957 et

375 4002 471 4069 ’ΖΑΝ
495 4000 695 4078 improperae
716 3998 772 4081 qui
792 3996 896 4059 iuerat
918 3992 1121 4078 repenterdu
1142 3991 1246 4055 laetus
1263 3998 1331 4070 est,
1351 3992 1414 4057 vid.
1439 3990 1575 4061 Eorum„

381 4100 420 4166 D.
434 4098 470 4166 N.
484 4099 524 4164 11.
545 4121 575 4186 p.
595 4104 670 4167 501.
695 4100 750 4185 qui
773 4098 832 4165 τύυ
851 4097 1000 4164 Ilorieem
1014 4096 1149 4163 sormam
1163 4117 1220 4183 pro
1233 4096 1297 4163 Ζύυ
1310 4118 1378 4165 esse
1390 4102 1573 4165 comminis-

382 4207 480 4284 oitur,
492 4226 589 4292 quam
603 4226 697 4271 nemo
709 4206 787 4271 vidit
800 4213 833 4272 et
845 4223 940 4270 nemo
952 4202 1082 4270 uidebit.
1106 4202 1325 4271 librariorum
1340 4213 1448 4272 autem
1468 4206 1500 4272 in
1513 4206 1572 4273 hoc

381 4332 498 4397 genere
518 4330 873 4399 errores‚quamquam
894 4327 1029 4376 numero
1051 4330 1160 4378 carere
1175 4311 1327 4377 videnlur
1349 4320 1380 4378 et
1401 4311 1571 4380 vorborum

378 4418 425 4482 sio
448 4418 696 4508 depravatorum
727 4420 915 4485 varietatem
936 4438 1007 4485 esse
1038 4416 1213 4485 credideris
1241 4418 1470 4505 propemodum
1500 4418 1568 4487 infi-

380 4523 500 4603 nitam,
524 4537 629 4595 tamen
656 4528 687 4592 in
708 4524 879 4614 permultis
904 4524 1050 4593 cernitur
1070 4524 1123 4593 illa
1145 4525 1273 4592 errandi
1298 4527 1570 4617 constantie,qun
