3767 5717
970 582 1033 649 182

349 753 353 761 ¹
413 774 464 841 ἐπὶ
491 775 534 857 τῷ
558 773 706 857 μειρακίῳ
732 774 787 840 καὶ
816 784 854 858 τῇ
878 774 1026 857 παρθένῳ.
1052 751 1137 838 ἱΡῐο
1163 773 1293 837 ἐκινεῖτο
1324 771 1359 837 iu
1391 768 1510 837 codice
1538 782 1591 851 est

413 880 633 947 venustissima
655 879 752 945 lectio
772 879 909 945 ἕκίττα
929 882 946 956 ἡ
964 880 1072 955 πόλις,
1099 901 1197 969 quam
1216 876 1372 945 ambabus
1389 877 1591 968 amplecten-

414 983 486 1051 dam
509 1008 575 1050 csse
597 1006 721 1051 censeo.
770 984 805 1049 P.
828 988 900 1051 180.
929 993 1077 1065 γυναῖκες
1104 985 1234 1054 πολλαὶ,
1250 983 1404 1067 ἠράααντο
1431 986 1508 1055 θεοῖς
1532 983 1592 1047 αὑ-

414 1090 477 1163 11111
505 1092 685 1163 missalium
717 1088 855 1171 μητέρας
887 1089 1039 1169 θυγατρὸς
1079 1085 1156 1153 οὕτω
1187 1095 1299 1162 καλῆς.
1357 1086 1451 1171 Quod
1484 1086 1591 1153 solum
1701 1143 1706 1147 .

413 1195 496 1261 bene
519 1194 638 1260 Graece
657 1194 721 1259 dici
744 1194 851 1284 potuit
875 1194 909 1259 in
931 1191 1051 1259 Codice
1073 1192 1241 1283 perspicue
1260 1192 1391 1280 legitur:
1416 1191 1513 1257 αὐταὶ
1537 1216 1591 1256 ιιι-

414 1303 556 1373 crottam
581 1300 724 1381 μητέρες.
746 1338 771 1349 -
811 1298 999 1377 ιέπολὲαενιν
1022 1298 1108 1378 παραὶ
1132 1291 1188 1372 τὴν
1215 1298 1388 1380 φαρέτραν.
1413 1296 1590 1362 rectissime

415 1402 523 1470 (lodex
544 1402 631 1485 παραὶ
655 1403 784 1469 omittit.
809 1402 843 1469 P.
860 1405 932 1469 183.
953 1402 1077 1485 προναία
1094 1403 1176 1467 θεῶν.
1200 1400 1278 1487 God.
1299 1404 1440 1484 νυμφῶν.
1466 1402 1501 1469 Ρ.
1517 1404 1590 1469 186.

415 1506 522 1573 ἔδοσαν
552 1508 623 1573 eivrl
653 1516 709 1583 τῆς
734 1508 842 1581 πίτυος
870 1509 963 1573 οἰκεῖν
990 1512 1073 1573 νεών.
1108 1504 1187 1574 Cod.
1207 1510 1300 1575 οἰκεῖν
1320 1508 1456 1586 omittit,
1485 1518 1592 1587 recte,

415 1626 451 1679 ut
475 1614 598 1703 opinor.

461 1719 568 1809 Atque
588 1718 647 1785 hae
667 1719 797 1810 quidem
816 1730 888 1784 sunt
905 1716 1049 1781 utiliores
1069 1728 1101 1781 et
1119 1717 1306 1807 insigniores
1321 1717 1491 1798 lectiones,
1511 1741 1591 1809 quas

328 1906 330 1911 Ι
415 1822 495 1889 milri
514 1825 546 1889 in
570 1824 685 1891 nosco
707 1847 803 1891 novas
824 1822 931 1890 Codes
953 1821 1172 1890 Florentinus
1193 1823 1427 1913 suppeditavit,
1451 1837 1590 1892 caeteras

417 1953 527 1995 omnes
552 1929 771 1997 Hmscmems
795 1928 894 1994 dabit.

461 2034 499 2099 In
531 2033 645 2099 eodem
673 2032 791 2099 Codice
823 2035 932 2099 insunt
950 2035 1096 2122 fabulae
1127 2034 1327 2124 Aesopieae,
1361 2056 1441 2124 quas
1469 2034 1592 2123 primus

416 2138 517 2205 edidit
545 2140 655 2207 Fuuln
683 2162 756 2206 cum
786 2140 855 2205 aliis
880 2139 1010 2208 aliunde
1029 2150 1062 2205 et
1081 2138 1175 2204 editis
1199 2151 1231 2203 et
1249 2138 1378 2203 ineditis
1396 2139 1592 2205 coniunctas.

416 2245 560 2337 Scriptae
590 2258 663 2313 sunt
693 2270 731 2311 eo
751 2269 895 2313 sermone
915 2246 1049 2336 putido,
1068 2268 1135 2335 quo
1157 2245 1309 2310 utebatur
1330 2245 1461 2311 Graecia
1481 2244 1594 2316 decre-

416 2353 501 2443 pita,
534 2352 621 2418 senio
653 2352 799 2417 conlecta
830 2364 862 2417 et
891 2352 1030 2416 delirans
1053 2362 1081 2430 ¹,
1115 2363 1147 2416 et
1176 2350 1312 2440 scriptae
1341 2363 1416 2415 sunt
1444 2372 1593 2438 maguam

415 2470 540 2549 partem
569 2459 735 2535 versibus,
768 2480 963 2547 quamquam
994 2455 1027 2519 id
1057 2478 1153 2521 nemo
1182 2477 1335 2545 umquam
1358 2454 1594 2522 animaduertit.

415 2562 500 2628 Sunt
524 2574 632 2630 autem
652 2562 705 2627 isti
725 2584 832 2627 sersus
853 2562 912 2626 ista
934 2560 1114 2626 Graecitate
1134 2561 1329 2650 dignissimi,
1359 2574 1395 2627 ut
1415 2561 1592 2631 ostendam.

416 2665 611 2756 Iampridem
634 2665 782 2731 Graeculi
802 2666 1157 2755 coeperanttantiquam
1174 2666 1316 2755 linguam
1334 2667 1428 2731 etiam
1448 2668 1493 2731 sic
1513 2688 1594 2733 eon·

342 2812 346 2820 ·
417 2772 587 2849 taminare,
612 2782 648 2835 ut
676 2771 710 2835 in
738 2770 976 2861 pronuntiando
1004 2772 1089 2837 etin
1111 2772 1252 2837 versibus
1272 2772 1504 2861 componendis
1524 2793 1591 2839 non

418 2876 632 2965 quantitatem
661 2876 855 2963 syllabarum
881 2875 936 2941 sed
963 2888 1154 2941 accentuum
1183 2878 1340 2944 rationem
1362 2878 1451 2944 stulti
1476 2900 1592 2967 seque·

417 2993 546 3058 rentur,
586 2980 726 3045 multum
756 2980 999 3070 indignantibus
1027 2981 1138 3070 paucis
1170 2982 1364 3071 quibusdam
1393 2983 1591 3061 sanioribus,

418 3087 475 3175 qui
504 3085 970 3159 malesanammultitudincm
1000 3087 1219 3177 nequidquam
1247 3088 1482 3167 admonebant,
1505 3108 1592 3176 quo·

417 3212 554 3280 rumque
582 3190 731 3279 querelae
761 3191 805 3256 ita
835 3192 941 3256 statim
971 3214 1138 3281 oppressae
1169 3207 1260 3273 suut,
1290 3206 1327 3261 ut
1353 3197 1446 3261 unius
1469 3206 1594 3262 tantum

419 3295 653 3373 testimonium,
687 3294 775 3385 quod
806 3297 918 3375 sciam,
952 3296 991 3361 ad
1018 3320 1075 3361 nos
1095 3299 1284 3387 pervenerit.
1332 3300 1374 3365 llt
1394 3299 1489 3366 huius
1510 3321 1592 3389 quo·

418 3422 482 3491 que
511 3400 604 3467 unius
631 3400 670 3465 ad
699 3400 789 3493 huuc⁴
812 3400 898 3467 diem
926 3401 988 3466 fuit
1014 3424 1074 3467 ror
1097 3403 1230 3481 βοῶντος
1249 3405 1281 3467 ἐν
1304 3414 1343 3486 τῇ
1369 3407 1486 3488 ἐρήμῳ,
1518 3403 1593 3494 quia

416 3506 565 3591 abditum
592 3518 638 3572 cst
667 3507 885 3587 testimouium
912 3519 945 3573 et
966 3506 1201 3597 propemodum
1222 3509 1385 3597 sepultum
1406 3510 1439 3575 in
1458 3534 1495 3576 ea
1515 3508 1593 3575 soli·

419 3612 550 3692 tudine,
572 3612 631 3677 ubi
651 3636 827 3703 numquam
853 3612 919 3679 fere
938 3614 1040 3679 viator
1058 3613 1226 3703 uestigium
1248 3613 1330 3698 solet
1350 3622 1479 3704 ponere.
1524 3612 1597 3677 lta··

419 3742 482 3811 que
502 3720 535 3785 iu
554 3720 694 3790 medium
716 3720 895 3811 proferam,
915 3731 950 3784 ut
967 3720 1115 3797 omnibus
1136 3720 1192 3783 liat
1209 3722 1423 3808 cognoscendi
1442 3731 1594 3811 potestas.

418 3824 477 3891 vir
506 3825 620 3891 doctus
647 3836 679 3892 et
707 3827 834 3916 elegans
859 3826 967 3891 nescio
989 3826 1061 3917 quis
1081 3824 1121 3889 ad
1142 3825 1281 3891 amioum
1302 3825 1534 3893 Nuoruuoauu
1554 3824 1594 3890 de

418 3952 455 3995 ea
475 3929 654 3995 litterarum
674 3941 705 3996 et
724 3938 858 4020 poe'se'os
884 3930 958 3995 labe
977 3942 1009 3995 et
1029 3929 1125 3995 exitio
1147 3941 1180 3995 et
1201 3930 1333 3997 omnino
1353 3931 1394 3997 de
1413 3932 1596 4023 aequalium

416 4034 538 4101 iudicio
566 4046 716 4124 corrupto
745 4035 891 4125 queritur
909 4036 942 4099 in
966 4033 1149 4124 discerptis,
1172 4056 1255 4123 quae
1277 4034 1501 4125 Etymologico
1527 4034 1595 4101 Gu-

419 4141 524 4207 diano
559 4138 722 4207 Sruuzlus
759 4139 895 4205 subiecit
927 4164 960 4231 p.
985 4143 1049 4208 657
1082 4163 1153 4230 sqq.
1189 4141 1439 4230 »Antipatrum
1471 4138 1594 4227 inquit,

454 4360 474 4428 ¹)
491 4361 576 4422 Quam
598 4362 663 4413 bene
686 4359 714 4409 in
736 4358 808 4409 illam
825 4356 958 4409 Graeciam
975 4361 1094 4410 marcuit
1112 4360 1222 4423 dictum,
1244 4362 1314 4427 quod
1329 4361 1393 4411 olim
1409 4361 1436 4409 in
1453 4357 1520 4407 cirea
1537 4370 1595 4405 suos

363 4462 367 4469 ·
418 4446 544 4499 Demades
561 4448 666 4496 iecerat:
685 4443 847 4511 παρέλαβον
866 4444 916 4507 τὴν
933 4443 1012 4493 πόλιν
1031 4444 1061 4493 ori
1079 4448 1130 4511 τὴν
1142 4447 1189 4495 ἐπὶ
1208 4448 1261 4497 τῶν
1277 4445 1414 4514 προγόνων
1430 4443 1481 4506 τὴν
1494 4441 1597 4509 Μαρα-

416 4532 598 4596 ’θωνομάχοη
621 4528 692 4579 aitte
717 4530 805 4595 γραῦν
828 4525 964 4577 σανδάλια
990 4526 1203 4597 ὑποδεδεμένῳ
1229 4531 1277 4579 καὶ
1298 4530 1431 4594 πτισάνην
1451 4524 1595 4592 decorione.

416 4614 547 4666 8111111111
565 4614 613 4664 hoc
630 4613 725 4662 dictum
742 4612 943 4675 componendam
960 4618 997 4663 est
1014 4627 1029 4663 c
1046 4612 1188 4665 Duuuraro
1207 4613 1272 4682 περὶ
1291 4611 1347 4681 ἱρμ.
1367 4615 1456 4677 5285.
1473 4609 1555 4663 Goell.
1572 4618 1597 4661 et

419 4698 516 4751 Puom
534 4694 593 4747 Lea.
611 4712 636 4748 v.
655 4694 816 4765 παρέλαβεν
834 4696 938 4747 nubtam
956 4697 1056 4748 montiis
1073 4697 1247 4766 παρέλαβεν,
1266 4695 1409 4765 ναύμαχον
1423 4704 1449 4750 el
1464 4695 1595 4765 ροαῶσαν.
