3767 5717
872 589 880 596 ’
977 631 1040 698 rac

418 805 592 881 admodum
616 806 822 889 περιπλθχθιρν
848 805 882 895 (i.
895 825 923 872 e.
946 801 1129 894 περιβάδην)
1155 812 1187 869 et
1211 805 1422 887 περιπλέχθνν
1445 813 1535 873 certo
1557 804 1607 872 di·

416 912 571 978 scrimine
592 920 811 1000 perpetuoque
842 930 903 980 usu
933 908 1072 978 diremta
1092 916 1185 988 sunt,
1211 911 1257 976 sic
1278 910 1415 978 suadent
1437 912 1546 978 omnia
1570 919 1608 978 ut

325 1024 331 1037 ’
416 1015 587 1094 credamus
603 1016 688 1088 idem
713 1019 799 1088 iuter
822 1015 1034 1098 περιπλίυσειν
1055 1021 1088 1080 ei
1111 1015 1307 1099 περιπλέκειν
1326 1017 1491 1084 interesse.

462 1110 603 1209 Apparet
636 1121 769 1188 verbum
804 1120 934 1209 aliquod
961 1120 1155 1206 exquisitius
1177 1128 1210 1187 et
1241 1141 1304 1188 nen
1331 1120 1464 1188 cuilibet
1494 1128 1607 1188 notum

416 1232 471 1292 aut
508 1235 710 1314 perspectum
738 1226 840 1298 latere
870 1231 934 1304 ac,
959 1229 1014 1293 57.
1050 1224 1105 1292 ubi
1137 1225 1312 1293 historicus
1339 1225 1461 1292 dicitur
1492 1223 1608 1292 debere

414 1330 462 1396 rei
483 1328 637 1397 militaris
660 1340 692 1397 et
712 1332 940 1399 vocabulorum
956 1351 1026 1404 ‚non
1044 1349 1113 1398 esse
1133 1329 1268 1416 ignarus
1291 1339 1324 1398 et
1339 1338 1410 1398 tum
1434 1329 1496 1397 alia
1523 1329 1607 1397 scire

415 1444 486 1511 tum
512 1436 590 1524 quid
611 1437 654 1508 sit
675 1436 927 1516 ἐξελαύνειν-καὶ
951 1435 1183 1522 περιελαύνειν,
1215 1443 1249 1502 at
1270 1435 1329 1503 hoc
1352 1434 1483 1522 quidem
1513 1453 1606 1500 nemo

414 1543 710 1628 assumpsisset,
735 1541 852 1609 nedum
887 1543 911 1606 ii
939 1542 997 1628 qni
1018 1540 1187 1608 historiam
1215 1540 1356 1609 scribere
1379 1538 1607 1627 aggredieban-

416 1654 482 1711 tur.
529 1646 599 1712 Non
622 1646 679 1713 diu
703 1645 923 1735 quaerendum
945 1645 1030 1732 quod
1053 1645 1195 1712 militare
1222 1645 1413 1712 vocabulum
1437 1643 1541 1711 torma
1562 1641 1607 1710 ai·

415 1749 522 1820 linea
544 1751 660 1818 scribis
681 1751 892 1822 obscuratum
909 1739 1027 1828 tuerit,
1050 1769 1166 1838 nempe
1185 1748 1355 1828 ἐξελίττειν
1377 1750 1430 1818 καὶ
1455 1751 1608 1832 τεριελθτ·

417 1879 492 1927 σειν.
539 1854 608 1929 Non
638 1854 802 1925 dubitabis
834 1862 1020 1943 comparato
1052 1853 1262 1923 Xcuorncurrs
1284 1856 1354 1924 loeo
1381 1857 1415 1922 in
1438 1856 1607 1943 Cpropccd.

417 1959 502 2035 Viti.
544 1981 576 2028 v.
615 1966 666 2030 lb.
702 1969 734 2028 et
758 1959 799 2028 ci.
836 1960 1048 2029 Semcmcmu
1070 1959 1111 2028 ad
1131 1960 1267 2029 Xurrcrn.
1291 1961 1399 2049 iiccp.
1424 1951 1606 2028 Ιαοαθοοιιι.

418 2066 473 2140 XI·
497 2087 528 2153 ν.
548 2069 604 2144 65·

462 2171 636 2256 Antiquam
657 2170 745 2238 verbi
769 2173 927 2248 termam,
941 2188 1024 2256 quae
1043 2170 1109 2238 sole
1124 2168 1363 2257 dirumpebat,
1388 2171 1513 2239 scribae
1533 2191 1608 2239 oon·-

416 2276 578 2343 taminare
597 2274 699 2342 soient
719 2275 753 2340 in
778 2273 889 2342 tuturo
910 2275 997 2342 verbi
1016 2275 1168 2360 ἄχθομαι.
1202 2273 1405 2342 Athenienses
1429 2296 1491 2342 non
1515 2275 1611 2342 aliter

416 2401 515 2467 quarn
526 2380 704 2466 θχθέσοααι
717 2379 888 2458 dicebant,
905 2401 986 2466 quos
1007 2381 1223 2468 sequebantur
1241 2379 1412 2448 Atticictcc.
1459 2379 1608 2448 Graeculi

416 2507 456 2553 ex
479 2486 630 2569 ἠχθέσθην
664 2483 886 2571 preduxerunt
914 2489 1152 2570 θχθεσθθσσμαι
1185 2502 1288 2570 neque
1319 2490 1445 2552 tanturn
1471 2486 1530 2573 ipsi
1562 2485 1610 2552 ita

416 2591 631 2677 loquebantur
661 2590 716 2656 sed
735 2598 866 2662 ueteres
891 2593 1047 2678 cogebant
1079 2590 1164 2658 idem
1193 2589 1312 2661 dixisse
1342 2588 1456 2657 videri.
1505 2591 1610 2658 Fraus

417 2695 613 2783 deprehendi
644 2713 887 2784 nonnumquam
912 2705 1035 2783 potest,
1064 2694 1180 2762 deinde
1210 2695 1330 2781 passim
1362 2694 1516 2768 damnum
1542 2713 1610 2762 sar·

419 2803 490 2876 oiri,
536 2801 719 2869 Admonent
743 2801 914 2886 magistri,
938 2803 1054 2870 Moerus
1084 2821 1115 2888 p.
1138 2804 1192 2868 21.
1214 2799 1410 2882 ἀχθέσεται,
1445 2803 1608 2876 Ἀττικῶς.

419 2909 672 2990 ἀχθεσθήσεται,
696 2911 895 2981 Ἑλληνικῶς.
919 2906 1029 2993 Neque
1049 2914 1157 2971 tamen
1181 2903 1260 2971 bene
1283 2905 1427 2973 monenti
1449 2904 1610 2993 obtempe-

420 3021 533 3078 ratur:
555 3011 683 3097 saepius
705 3011 941 3092 οὶχθεσθήσομαι
963 3012 1118 3089 recurrit,
1140 3018 1379 3097 nonnumquam
1404 3012 1611 3092 θχθθσοριαι,
1633 3101 1636 3108 Ι
1742 3083 1743 3112 ¹

419 3120 452 3184 in
478 3136 542 3204 quc
562 3123 611 3182 est
630 3115 750 3186 erroris
773 3133 964 3201 progressus
983 3114 1115 3202 quidam
1131 3138 1139 3180 ε
1156 3115 1352 3196 ascopa,
1376 3117 1461 3202 quod
1477 3135 1611 3202 prorsus

313 3273 320 3284 .
419 3224 454 3288 in
476 3218 732 3296 desuetudinem·
748 3228 781 3286 et
795 3219 985 3291 oblivionem
1009 3219 1152 3298 abierat,
1177 3221 1210 3286 in
1228 3222 1410 3302 οὶχθθσοααι
1430 3222 1610 3307 corrumpi·

419 3336 498 3399 tur,
524 3324 619 3391 ouius
636 3322 800 3392 manifesti
820 3326 890 3392 vitii
914 3326 1059 3412 exempla
1082 3324 1153 3392 vide
1174 3324 1258 3413 apud
1285 3326 1455 3412 Prcnsorpu
1470 3324 1511 3392 ad
1527 3325 1610 3393 Mos·

420 3450 500 3499 ntnrs
522 3428 543 3494 l.
556 3427 601 3506 l.‚
623 3427 739 3496 deinde
751 3428 853 3498 torma
873 3431 998 3500 novicia
1021 3438 1052 3497 et
1072 3429 1186 3496 vitiosa
1199 3429 1343 3518 subrepit
1362 3431 1610 3512 extentionem.

417 3536 569 3610 Pcarcms
599 3533 680 3610 duos
709 3534 794 3607 locos
826 3535 919 3607 aiiert
952 3537 1092 3602 Prcnsou.
1119 3537 1151 3602 in
1179 3535 1294 3623 Gorpic
1318 3557 1348 3623 p.
1374 3539 1440 3602 506
1464 3535 1497 3604 G.
1521 3544 1555 3602 et
1578 3537 1612 3613 in

418 3639 551 3728 Bepcbi.
577 3641 615 3712 X.
631 3660 661 3727 p.
680 3644 756 3711 605.
769 3641 806 3710 Ε.
821 3640 877 3714 ubi
899 3641 1041 3726 genuina
1063 3638 1166 3714 forma
1187 3659 1204 3706 e
1223 3640 1313 3710 codd.
1339 3642 1492 3710 restituta
1511 3648 1561 3708 est
1577 3648 1611 3708 et

420 3769 523 3816 unrrm
539 3740 701 3822 decoros
722 3745 762 3811 de
775 3745 858 3814 Pcce
881 3746 905 3835 §
931 3749 984 3818 at.
1009 3745 1039 3818 st
1057 3770 1105 3820 crs
1130 3746 1213 3826 ὑμῶν
1231 3748 1475 3829 ἀχθεσθήσεται.
1520 3744 1611 3812 tudo

420 3855 632 3922 xcrormmrs
650 3851 755 3924 locum
771 3851 1087 3939 Cyrcpced.V111.rv.
1105 3856 1155 3917 10.
1169 3853 1222 3920 cci
1246 3852 1285 3918 σὺ
1306 3847 1347 3918 αὖ
1365 3853 1420 3918 οὐκ
1431 3851 1611 3936 αχθεσθθσρ

420 3982 473 4039 μοι
495 3957 624 4044 ’ἄκουον
646 3958 790 4033 sciendi,
812 3966 846 4024 et
870 3958 1033 4024 assumus
1057 3957 1089 4022 in
1112 3956 1326 4040 Ctesiphontem
1351 3954 1375 4045 §
1402 3959 1467 4024 ΞΜ
1490 3979 1609 4039 ccccx·

419 4062 637 4141 θεοθνοθμενσς
659 4060 710 4126 ἐπὶ
734 4071 773 4144 τῇ
795 4068 849 4134 τοῦ
872 4068 1042 4132 Μολοττῶν
1059 4062 1217 4140 βασιλέως
1240 4059 1444 4143 Ἀλεξάνδρου
1462 4071 1612 4146 τελευτῇ,

421 4169 476 4236 ubi
502 4169 535 4234 in
569 4187 633 4233 uno
664 4165 774 4232 codice
802 4175 851 4232 est
875 4167 994 4232 erroris
1020 4168 1124 4253 prima
1153 4167 1243 4252 origo
1273 4165 1542 4247 συναχθνσθρσενοσ
1578 4175 1610 4234 et

420 4275 631 4350 Tuncruatsrr
657 4271 811 4341 Gbcroctt.
824 4270 907 4343 XIX.
930 4273 992 4352 οὐχ
1013 4267 1121 4349 ἕξομεν
1143 4273 1215 4346 τοὺς
1236 4273 1311 4354 ὑπὲρ
1330 4279 1389 4341 τῶν
1413 4277 1515 4338 κοινῶν
1540 4296 1610 4339 ουν.

417 4378 719 4464 αχθεσθνουμένους,
750 4375 789 4441 ἂν
821 4377 892 4450 τοὺς
920 4375 1074 4450 τοιούτους
1099 4379 1271 4458 προώμεθα.
1331 4377 1399 4446 Non
1431 4377 1611 4463 magistris

388 4486 567 4562 ,omnibus
595 4492 643 4550 est
677 4478 875 4569 parcendum
907 4479 1088 4550 manifestis
1120 4483 1283 4550 erroribus
1306 4501 1404 4568 quam
1440 4480 1525 4568 apud
1551 4482 1611 4548 bu·

320 4573 323 4578 ¹
416 4611 526 4656 crancu
551 4597 615 4667 bb,
646 4595 678 4656 3.
712 4585 843 4659 ἐοικότες
875 4587 1152 4668 ἀχθεσθησομένοις
1177 4590 1212 4654 ἐἰ
1241 4589 1442 4665 λυθήσονται,
1476 4606 1611 4654 nascens

415 4695 530 4770 vitium
556 4695 662 4760 estin
694 4691 860 4767 codicibus
895 4692 947 4767 AF
971 4694 1217 4776 αχθνσορσένοις,
1254 4692 1338 4760 uude
1367 4693 1442 4760 olim
1474 4693 1608 4773 οὶχθετο-Ι
