<?xml version="1.0" encoding="UTF-8"?>
<!DOCTYPE html PUBLIC "-//W3C//DTD XHTML 1.0 Transitional//EN"
    "http://www.w3.org/TR/xhtml1/DTD/xhtml1-transitional.dtd">
<html xmlns="http://www.w3.org/1999/xhtml" xml:lang="en" lang="en">
 <head>
  <title>
</title>
<meta http-equiv="Content-Type" content="text/html;charset=utf-8" />
  <meta name='ocr-system' content='tesseract 3.04.00' />
  <meta name='ocr-capabilities' content='ocr_page ocr_carea ocr_par ocr_line ocrx_word'/>
</head>
<body>
  <div class='ocr_page' id='page_1' title='image "./variaelectiones02cobegoog_0401.png"; bbox 0 0 3767 5717; ppageno 0'>
   <div class='ocr_carea' id='block_1_1' title="bbox 847 611 912 676">
    <p class='ocr_par' dir='ltr' id='par_1_1' title="bbox 847 611 912 676">
     <span class='ocr_line' id='line_1_1' title="bbox 847 611 912 676; baseline 0 0"><span class='ocrx_word' id='word_1_1' title='bbox 847 611 912 676; x_wconf 82' lang='grc'><strong>389</strong></span> 
     </span>
    </p>
   </div>
   <div class='ocr_carea' id='block_1_2' title="bbox 294 803 1470 1008">
    <p class='ocr_par' dir='ltr' id='par_1_2' title="bbox 294 803 1470 1008">
     <span class='ocr_line' id='line_1_2' title="bbox 297 803 1469 904; baseline -0.008 -25"><span class='ocrx_word' id='word_1_2' title='bbox 297 811 353 904; x_wconf 89' lang='lat' dir='ltr'><strong>qui</strong></span> <span class='ocrx_word' id='word_1_3' title='bbox 382 833 416 878; x_wconf 87' lang='lat' dir='ltr'><strong>se</strong></span> <span class='ocrx_word' id='word_1_4' title='bbox 446 818 597 876; x_wconf 87' lang='lat' dir='ltr'><strong>accentus</strong></span> <span class='ocrx_word' id='word_1_5' title='bbox 627 826 737 872; x_wconf 90' lang='lat' dir='ltr'><strong>omnes</strong></span> <span class='ocrx_word' id='word_1_6' title='bbox 767 813 971 870; x_wconf 75' lang='lat' dir='ltr'><strong>contemnere</strong></span> <span class='ocrx_word' id='word_1_7' title='bbox 1004 825 1081 893; x_wconf 84' lang='lat' dir='ltr'><strong>prae</strong></span> <span class='ocrx_word' id='word_1_8' title='bbox 1109 825 1143 870; x_wconf 88' lang='lat' dir='ltr'><strong>se</strong></span> <span class='ocrx_word' id='word_1_9' title='bbox 1169 803 1296 883; x_wconf 85' lang='lat' dir='ltr'><strong>lerunt,</strong></span> <span class='ocrx_word' id='word_1_10' title='bbox 1328 803 1469 870; x_wconf 82' lang='lat' dir='ltr'><strong>latentur</strong></span> 
     </span>
     <span class='ocr_line' id='line_1_3' title="bbox 294 907 1470 1008; baseline -0.006 -26"><span class='ocrx_word' id='word_1_11' title='bbox 294 917 396 1008; x_wconf 81' lang='lat' dir='ltr'>inepti</span> <span class='ocrx_word' id='word_1_12' title='bbox 411 927 444 982; x_wconf 89' lang='lat' dir='ltr'><strong>ct</strong></span> <span class='ocrx_word' id='word_1_13' title='bbox 461 915 568 1005; x_wconf 85' lang='lat' dir='ltr'><strong>palam</strong></span> <span class='ocrx_word' id='word_1_14' title='bbox 588 910 712 977; x_wconf 86' lang='lat' dir='ltr'><strong>faciunt</strong></span> <span class='ocrx_word' id='word_1_15' title='bbox 729 931 762 976; x_wconf 89' lang='lat' dir='ltr'><strong>sa</strong></span> <span class='ocrx_word' id='word_1_16' title='bbox 779 907 817 973; x_wconf 93' lang='lat' dir='ltr'><strong>id·</strong></span> <span class='ocrx_word' id='word_1_17' title='bbox 828 908 964 987; x_wconf 87' lang='lat' dir='ltr'><strong>nescire,</strong></span> <span class='ocrx_word' id='word_1_18' title='bbox 983 929 1049 998; x_wconf 92' lang='lat' dir='ltr'><strong>quo</strong></span> <span class='ocrx_word' id='word_1_19' title='bbox 1067 907 1135 975; x_wconf 91' lang='lat' dir='ltr'><strong>sine</strong></span> <span class='ocrx_word' id='word_1_20' title='bbox 1146 908 1266 976; x_wconf 88' lang='lat' dir='ltr'><strong>Graece</strong></span> <span class='ocrx_word' id='word_1_21' title='bbox 1282 910 1470 976; x_wconf 89' lang='lat' dir='ltr'><strong>scirenemo</strong></span> 
     </span>
    </p>
   </div>
   <div class='ocr_carea' id='block_1_3' title="bbox 217 1013 1556 4789">
    <p class='ocr_par' dir='ltr' id='par_1_3' title="bbox 226 1013 1475 1953">
     <span class='ocr_line' id='line_1_4' title="bbox 294 1013 1471 1113; baseline -0.008 -25"><span class='ocrx_word' id='word_1_22' title='bbox 294 1033 411 1113; x_wconf 88' lang='lat' dir='ltr'><strong>potest.</strong></span> <span class='ocrx_word' id='word_1_23' title='bbox 457 1019 561 1085; x_wconf 89' lang='lat' dir='ltr'><strong>Nemo</strong></span> <span class='ocrx_word' id='word_1_24' title='bbox 582 1015 734 1106; x_wconf 87' lang='lat' dir='ltr'><strong>umquam</strong></span> <span class='ocrx_word' id='word_1_25' title='bbox 754 1013 873 1105; x_wconf 88' lang='lat' dir='ltr'><strong>poterit</strong></span> <span class='ocrx_word' id='word_1_26' title='bbox 891 1013 1122 1081; x_wconf 79' lang='lat' dir='ltr'><strong>Grammaticos</strong></span> <span class='ocrx_word' id='word_1_27' title='bbox 1141 1028 1173 1081; x_wconf 93' lang='lat' dir='ltr'><strong>et</strong></span> <span class='ocrx_word' id='word_1_28' title='bbox 1194 1014 1329 1082; x_wconf 83' lang='lat' dir='ltr'><strong>Griticos</strong></span> <span class='ocrx_word' id='word_1_29' title='bbox 1346 1027 1471 1083; x_wconf 83' lang='lat' dir='ltr'><strong>veteres</strong></span> 
     </span>
     <span class='ocr_line' id='line_1_5' title="bbox 294 1119 1470 1216; baseline -0.007 -23"><span class='ocrx_word' id='word_1_30' title='bbox 294 1125 488 1216; x_wconf 76' lang='lat' dir='ltr'><strong>intelligere,</strong></span> <span class='ocrx_word' id='word_1_31' title='bbox 511 1135 568 1190; x_wconf 88' lang='lat' dir='ltr'><strong>aut</strong></span> <span class='ocrx_word' id='word_1_32' title='bbox 587 1121 721 1188; x_wconf 77' lang='lat' dir='ltr'><strong>Codices</strong></span> <span class='ocrx_word' id='word_1_33' title='bbox 743 1119 879 1186; x_wconf 88' lang='lat' dir='ltr'><strong>Graecos</strong></span> <span class='ocrx_word' id='word_1_34' title='bbox 901 1119 945 1184; x_wconf 90' lang='lat' dir='ltr'><strong>ita</strong></span> <span class='ocrx_word' id='word_1_35' title='bbox 965 1119 1071 1209; x_wconf 76' lang='lat' dir='ltr'><strong>legere</strong></span> <span class='ocrx_word' id='word_1_36' title='bbox 1088 1133 1122 1186; x_wconf 90' lang='lat' dir='ltr'><strong>et</strong></span> <span class='ocrx_word' id='word_1_37' title='bbox 1139 1133 1310 1201; x_wconf 76' lang='lat' dir='ltr'><strong>excutere,</strong></span> <span class='ocrx_word' id='word_1_38' title='bbox 1334 1132 1369 1186; x_wconf 90' lang='lat' dir='ltr'><strong>nt</strong></span> <span class='ocrx_word' id='word_1_39' title='bbox 1390 1141 1470 1210; x_wconf 90' lang='lat' dir='ltr'><strong>ope·</strong></span> 
     </span>
     <span class='ocr_line' id='line_1_6' title="bbox 294 1221 1472 1321; baseline -0.007 -25"><span class='ocrx_word' id='word_1_40' title='bbox 294 1252 348 1296; x_wconf 87' lang='lat' dir='ltr'><strong>rae</strong></span> <span class='ocrx_word' id='word_1_41' title='bbox 367 1227 506 1321; x_wconf 89' lang='lat' dir='ltr'><strong>pretium</strong></span> <span class='ocrx_word' id='word_1_42' title='bbox 529 1226 637 1304; x_wconf 83' lang='lat' dir='ltr'><strong>iaciat,</strong></span> <span class='ocrx_word' id='word_1_43' title='bbox 658 1224 719 1292; x_wconf 86' lang='lat' dir='ltr'><strong>nisi</strong></span> <span class='ocrx_word' id='word_1_44' title='bbox 739 1221 822 1289; x_wconf 87' lang='lat' dir='ltr'><strong>banc</strong></span> <span class='ocrx_word' id='word_1_45' title='bbox 842 1223 1007 1290; x_wconf 90' lang='lat' dir='ltr'><strong>doctrinae</strong></span> <span class='ocrx_word' id='word_1_46' title='bbox 1028 1238 1148 1315; x_wconf 90' lang='lat' dir='ltr'><strong>partem</strong></span> <span class='ocrx_word' id='word_1_47' title='bbox 1168 1226 1342 1317; x_wconf 79' lang='lat' dir='ltr'><strong>longousu</strong></span> <span class='ocrx_word' id='word_1_48' title='bbox 1361 1224 1472 1315; x_wconf 79' lang='lat' dir='ltr'><strong>perdi-</strong></span> 
     </span>
     <span class='ocr_line' id='line_1_7' title="bbox 296 1328 1471 1421; baseline -0.006 -20"><span class='ocrx_word' id='word_1_49' title='bbox 296 1334 426 1412; x_wconf 79' lang='lat' dir='ltr'><strong>dicerit,</strong></span> <span class='ocrx_word' id='word_1_50' title='bbox 458 1341 491 1398; x_wconf 92' lang='lat' dir='ltr'><strong>et</strong></span> <span class='ocrx_word' id='word_1_51' title='bbox 522 1332 568 1398; x_wconf 90' lang='lat' dir='ltr'><strong>sic</strong></span> <span class='ocrx_word' id='word_1_52' title='bbox 597 1352 774 1421; x_wconf 79' lang='lat' dir='ltr'><strong>numquam</strong></span> <span class='ocrx_word' id='word_1_53' title='bbox 801 1329 834 1394; x_wconf 88' lang='lat' dir='ltr'><strong>in</strong></span> <span class='ocrx_word' id='word_1_54' title='bbox 868 1328 1132 1419; x_wconf 76' lang='lat' dir='ltr'><strong>interpretatione</strong></span> <span class='ocrx_word' id='word_1_55' title='bbox 1161 1343 1216 1396; x_wconf 91' lang='lat' dir='ltr'><strong>aut</strong></span> <span class='ocrx_word' id='word_1_56' title='bbox 1247 1330 1471 1396; x_wconf 79' lang='lat' dir='ltr'><strong>emendatione</strong></span> 
     </span>
     <span class='ocr_line' id='line_1_8' title="bbox 297 1429 1472 1527; baseline -0.007 -20"><span class='ocrx_word' id='word_1_57' title='bbox 297 1429 491 1508; x_wconf 80' lang='lat' dir='ltr'><strong>Graecorum</strong></span> <span class='ocrx_word' id='word_1_58' title='bbox 521 1436 693 1527; x_wconf 87' lang='lat' dir='ltr'><strong>quisquam</strong></span> <span class='ocrx_word' id='word_1_59' title='bbox 720 1446 775 1500; x_wconf 89' lang='lat' dir='ltr'><strong>aut</strong></span> <span class='ocrx_word' id='word_1_60' title='bbox 796 1433 856 1499; x_wconf 89' lang='lat' dir='ltr'><strong>sibi</strong></span> <span class='ocrx_word' id='word_1_61' title='bbox 877 1433 1047 1500; x_wconf 79' lang='lat' dir='ltr'><strong>satisfaciet</strong></span> <span class='ocrx_word' id='word_1_62' title='bbox 1066 1448 1122 1502; x_wconf 88' lang='lat' dir='ltr'><strong>aut</strong></span> <span class='ocrx_word' id='word_1_63' title='bbox 1142 1435 1229 1515; x_wconf 88' lang='lat' dir='ltr'><strong>aliis,</strong></span> <span class='ocrx_word' id='word_1_64' title='bbox 1246 1436 1307 1501; x_wconf 88' lang='lat' dir='ltr'><strong>uisi</strong></span> <span class='ocrx_word' id='word_1_65' title='bbox 1324 1446 1472 1526; x_wconf 86' lang='lat' dir='ltr'><strong>paratum</strong></span> 
     </span>
     <span class='ocr_line' id='line_1_9' title="bbox 295 1539 1473 1635; baseline -0.004 -25"><span class='ocrx_word' id='word_1_66' title='bbox 295 1545 357 1611; x_wconf 92' lang='lat' dir='ltr'><strong>boc</strong></span> <span class='ocrx_word' id='word_1_67' title='bbox 378 1544 499 1635; x_wconf 86' lang='lat' dir='ltr'><strong>ubique</strong></span> <span class='ocrx_word' id='word_1_68' title='bbox 519 1542 650 1610; x_wconf 88' lang='lat' dir='ltr'><strong>babebit</strong></span> <span class='ocrx_word' id='word_1_69' title='bbox 666 1540 825 1607; x_wconf 89' lang='lat' dir='ltr'><strong>interioris</strong></span> <span class='ocrx_word' id='word_1_70' title='bbox 843 1539 1031 1606; x_wconf 77' lang='lat' dir='ltr'><strong>Graecitatis</strong></span> <span class='ocrx_word' id='word_1_71' title='bbox 1046 1541 1286 1630; x_wconf 76' lang='lat' dir='ltr'><strong>cognoscendae</strong></span> <span class='ocrx_word' id='word_1_72' title='bbox 1303 1541 1473 1607; x_wconf 85' lang='lat' dir='ltr'><strong>adiumen-</strong></span> 
     </span>
     <span class='ocr_line' id='line_1_10' title="bbox 295 1645 1471 1743; baseline -0.007 -25"><span class='ocrx_word' id='word_1_73' title='bbox 295 1664 382 1733; x_wconf 91' lang='lat' dir='ltr'><strong>tum,</strong></span> <span class='ocrx_word' id='word_1_74' title='bbox 412 1650 499 1743; x_wconf 92' lang='lat' dir='ltr'><strong>quod</strong></span> <span class='ocrx_word' id='word_1_75' title='bbox 522 1650 627 1718; x_wconf 89' lang='lat' dir='ltr'><strong>multo</strong></span> <span class='ocrx_word' id='word_1_76' title='bbox 645 1647 719 1740; x_wconf 89' lang='lat' dir='ltr'><strong>plus</strong></span> <span class='ocrx_word' id='word_1_77' title='bbox 739 1645 837 1712; x_wconf 90' lang='lat' dir='ltr'><strong>habet</strong></span> <span class='ocrx_word' id='word_1_78' title='bbox 856 1645 890 1709; x_wconf 92' lang='lat' dir='ltr'><strong>in</strong></span> <span class='ocrx_word' id='word_1_79' title='bbox 911 1666 1036 1712; x_wconf 88' lang='lat' dir='ltr'><strong>recessu</strong></span> <span class='ocrx_word' id='word_1_80' title='bbox 1058 1669 1155 1737; x_wconf 90' lang='lat' dir='ltr'><strong>quam</strong></span> <span class='ocrx_word' id='word_1_81' title='bbox 1174 1647 1280 1714; x_wconf 86' lang='lat' dir='ltr'><strong>fronte</strong></span> <span class='ocrx_word' id='word_1_82' title='bbox 1300 1645 1471 1738; x_wconf 88' lang='lat' dir='ltr'><strong>promittit.</strong></span> 
     </span>
     <span class='ocr_line' id='line_1_11' title="bbox 295 1750 1472 1847; baseline -0.008 -23"><span class='ocrx_word' id='word_1_83' title='bbox 295 1757 342 1824; x_wconf 79' lang='lat' dir='ltr'><strong>Er</strong></span> <span class='ocrx_word' id='word_1_84' title='bbox 371 1779 435 1847; x_wconf 88' lang='lat' dir='ltr'><strong>quo</strong></span> <span class='ocrx_word' id='word_1_85' title='bbox 463 1755 668 1847; x_wconf 77' lang='lat' dir='ltr'><strong>grammatica</strong></span> <span class='ocrx_word' id='word_1_86' title='bbox 698 1775 746 1819; x_wconf 86' lang='lat' dir='ltr'><strong>ars</strong></span> <span class='ocrx_word' id='word_1_87' title='bbox 771 1750 931 1817; x_wconf 78' lang='lat' dir='ltr'><strong>sollertius</strong></span> <span class='ocrx_word' id='word_1_88' title='bbox 957 1750 1061 1816; x_wconf 84' lang='lat' dir='ltr'><strong>excoli</strong></span> <span class='ocrx_word' id='word_1_89' title='bbox 1080 1763 1193 1841; x_wconf 86' lang='lat' dir='ltr'><strong>coepta</strong></span> <span class='ocrx_word' id='word_1_90' title='bbox 1214 1761 1277 1830; x_wconf 86' lang='lat' dir='ltr'><strong>est,</strong></span> <span class='ocrx_word' id='word_1_91' title='bbox 1300 1751 1472 1842; x_wconf 89' lang='lat' dir='ltr'><strong>unusquis-</strong></span> 
     </span>
     <span class='ocr_line' id='line_1_12' title="bbox 226 1855 1475 1953; baseline -0.01 -21"><span class='ocrx_word' id='word_1_92' title='bbox 226 1925 230 1934; x_wconf 83' lang='lat'>.</span> <span class='ocrx_word' id='word_1_93' title='bbox 297 1883 362 1953; x_wconf 89' lang='lat' dir='ltr'><strong>que</strong></span> <span class='ocrx_word' id='word_1_94' title='bbox 382 1860 575 1929; x_wconf 88' lang='lat' dir='ltr'><strong>Graecorum</strong></span> <span class='ocrx_word' id='word_1_95' title='bbox 595 1881 679 1926; x_wconf 87' lang='lat' dir='ltr'><strong>noro</strong></span> <span class='ocrx_word' id='word_1_96' title='bbox 700 1857 763 1923; x_wconf 91' lang='lat' dir='ltr'><strong>boc</strong></span> <span class='ocrx_word' id='word_1_97' title='bbox 782 1855 980 1922; x_wconf 88' lang='lat' dir='ltr'><strong>adminiculo</strong></span> <span class='ocrx_word' id='word_1_98' title='bbox 1000 1856 1171 1946; x_wconf 77' lang='lat' dir='ltr'><strong>diligenter</strong></span> <span class='ocrx_word' id='word_1_99' title='bbox 1188 1856 1354 1936; x_wconf 85' lang='lat' dir='ltr'><strong>utebatur,</strong></span> <span class='ocrx_word' id='word_1_100' title='bbox 1382 1856 1475 1921; x_wconf 86' lang='lat' dir='ltr'><strong>cuius</strong></span> 
     </span>
    </p>

    <p class='ocr_par' dir='ltr' id='par_1_4' title="bbox 217 1961 1482 2776">
     <span class='ocr_line' id='line_1_13' title="bbox 265 1961 1474 2053; baseline -0.005 -21"><span class='ocrx_word' id='word_1_101' title='bbox 265 2013 268 2021; x_wconf 84' lang='lat'>-</span> <span class='ocrx_word' id='word_1_102' title='bbox 297 1968 343 2032; x_wconf 88' lang='lat' dir='ltr'><strong>cei</strong></span> <span class='ocrx_word' id='word_1_103' title='bbox 371 1989 471 2034; x_wconf 88' lang='lat' dir='ltr'><strong>unum</strong></span> <span class='ocrx_word' id='word_1_104' title='bbox 493 1966 533 2032; x_wconf 91' lang='lat' dir='ltr'><strong>de</strong></span> <span class='ocrx_word' id='word_1_105' title='bbox 553 1964 663 2031; x_wconf 88' lang='lat' dir='ltr'><strong>multis</strong></span> <span class='ocrx_word' id='word_1_106' title='bbox 684 1963 865 2052; x_wconf 86' lang='lat' dir='ltr'><strong>exemplum</strong></span> <span class='ocrx_word' id='word_1_107' title='bbox 885 1961 1028 2039; x_wconf 83' lang='lat' dir='ltr'><strong>afferam,</strong></span> <span class='ocrx_word' id='word_1_108' title='bbox 1058 1961 1210 2050; x_wconf 90' lang='lat' dir='ltr'><strong>quoniam</strong></span> <span class='ocrx_word' id='word_1_109' title='bbox 1232 1973 1402 2053; x_wconf 81' lang='lat' dir='ltr'><strong>corruptus</strong></span> <span class='ocrx_word' id='word_1_110' title='bbox 1423 1962 1474 2026; x_wconf 83' lang='lat' dir='ltr'><strong>lo·</strong></span> 
     </span>
     <span class='ocr_line' id='line_1_14' title="bbox 298 2065 1475 2157; baseline -0.003 -21"><span class='ocrx_word' id='word_1_111' title='bbox 298 2091 354 2136; x_wconf 93' lang='lat' dir='ltr'><strong>cus</strong></span> <span class='ocrx_word' id='word_1_112' title='bbox 381 2082 429 2136; x_wconf 87' lang='lat' dir='ltr'><strong>eat</strong></span> <span class='ocrx_word' id='word_1_113' title='bbox 449 2069 526 2135; x_wconf 93' lang='lat' dir='ltr'><strong>binc</strong></span> <span class='ocrx_word' id='word_1_114' title='bbox 547 2066 776 2138; x_wconf 87' lang='lat' dir='ltr'><strong>emendandus.</strong></span> <span class='ocrx_word' id='word_1_115' title='bbox 825 2065 918 2157; x_wconf 78' lang='lat' dir='ltr'><strong>apud</strong></span> <span class='ocrx_word' id='word_1_116' title='bbox 939 2066 1174 2134; x_wconf 71' lang='lat' dir='ltr'><strong>Paurancnurt</strong></span> <span class='ocrx_word' id='word_1_117' title='bbox 1196 2067 1317 2156; x_wconf 80' lang='lat' dir='ltr'><strong>legitur</strong></span> <span class='ocrx_word' id='word_1_118' title='bbox 1334 2069 1368 2131; x_wconf 89' lang='lat' dir='ltr'><strong>in</strong></span> <span class='ocrx_word' id='word_1_119' title='bbox 1389 2067 1475 2132; x_wconf 88' lang='lat' dir='ltr'><strong>libro</strong></span> 
     </span>
     <span class='ocr_line' id='line_1_15' title="bbox 292 2169 1482 2264; baseline -0.004 -24"><span class='ocrx_word' id='word_1_120' title='bbox 292 2173 339 2240; x_wconf 76' lang='lat' dir='ltr'><strong>dra</strong></span> <span class='ocrx_word' id='word_1_121' title='bbox 365 2175 507 2260; x_wconf 63' lang='grc' dir='ltr'><strong>διδακτὸν</strong></span> <span class='ocrx_word' id='word_1_122' title='bbox 531 2177 548 2250; x_wconf 74' lang='grc' dir='ltr'><em>ἢ</em></span> <span class='ocrx_word' id='word_1_123' title='bbox 568 2175 666 2256; x_wconf 72' lang='lat' dir='ltr'><strong>alperti</strong></span> <span class='ocrx_word' id='word_1_124' title='bbox 691 2175 899 2264; x_wconf 78' lang='lat' dir='ltr'><strong>pag.l&#39;391t.</strong></span> <span class='ocrx_word' id='word_1_125' title='bbox 929 2173 997 2237; x_wconf 72' lang='grc' dir='ltr'><strong>οὐδὲ</strong></span> <span class='ocrx_word' id='word_1_126' title='bbox 1026 2171 1095 2252; x_wconf 75' lang='grc' dir='ltr'><strong>περὶ</strong></span> <span class='ocrx_word' id='word_1_127' title='bbox 1124 2169 1293 2253; x_wconf 59' lang='lat' dir='ltr'><strong>apodemius</strong></span> <span class='ocrx_word' id='word_1_128' title='bbox 1321 2169 1393 2252; x_wconf 74' lang='grc' dir='ltr'><strong>ἔχει</strong></span> <span class='ocrx_word' id='word_1_129' title='bbox 1422 2193 1482 2244; x_wconf 69' lang='grc' dir='ltr'><strong>’τις1</strong></span> 
     </span>
     <span class='ocr_line' id='line_1_16' title="bbox 217 2273 1474 2356; baseline -0.006 -10"><span class='ocrx_word' id='word_1_130' title='bbox 217 2329 220 2336; x_wconf 37' lang='lat'>1</span> <span class='ocrx_word' id='word_1_131' title='bbox 297 2281 396 2346; x_wconf 68' lang='grc' dir='ltr'><em>εἰπεῖν</em></span> <span class='ocrx_word' id='word_1_132' title='bbox 420 2277 513 2347; x_wconf 73' lang='lat' dir='ltr'><strong>colors</strong></span> <span class='ocrx_word' id='word_1_133' title='bbox 536 2280 567 2344; x_wconf 82' lang='grc' dir='ltr'><strong>ἐν</strong></span> <span class='ocrx_word' id='word_1_134' title='bbox 594 2277 683 2344; x_wconf 72' lang='grc' dir='ltr'><em>πόλει</em></span> <span class='ocrx_word' id='word_1_135' title='bbox 711 2276 898 2356; x_wconf 70' lang='grc' dir='ltr'><em>γιγνομένην</em></span> <span class='ocrx_word' id='word_1_136' title='bbox 920 2274 1048 2356; x_wconf 77' lang='grc' dir='ltr'><em>πότερον</em></span> <span class='ocrx_word' id='word_1_137' title='bbox 1068 2273 1237 2355; x_wconf 59' lang='grc' dir='ltr'><strong>Τελχῖνας</strong></span> <span class='ocrx_word' id='word_1_138' title='bbox 1260 2274 1474 2353; x_wconf 58' lang='lat' dir='ltr'><strong>evacuarem,</strong></span> 
     </span>
     <span class='ocr_line' id='line_1_17' title="bbox 299 2377 1475 2471; baseline -0.006 -23"><span class='ocrx_word' id='word_1_139' title='bbox 299 2395 334 2448; x_wconf 89' lang='lat' dir='ltr'><strong>tu</strong></span> <span class='ocrx_word' id='word_1_140' title='bbox 355 2383 477 2471; x_wconf 76' lang='lat' dir='ltr'><strong>corrige</strong></span> <span class='ocrx_word' id='word_1_141' title='bbox 497 2383 623 2463; x_wconf 76' lang='grc' dir='ltr'><em>πότερον</em></span> <span class='ocrx_word' id='word_1_142' title='bbox 645 2381 809 2460; x_wconf 68' lang='grc' dir='ltr'><strong>Τέλχινας</strong></span> <span class='ocrx_word' id='word_1_143' title='bbox 834 2379 1037 2458; x_wconf 75' lang='grc' dir='ltr'><em>ἢΤελχῖννις</em></span> <span class='ocrx_word' id='word_1_144' title='bbox 1059 2378 1268 2457; x_wconf 67' lang='grc' dir='ltr'><em>ἁναγνωςέον.</em></span> <span class='ocrx_word' id='word_1_145' title='bbox 1302 2377 1475 2467; x_wconf 87' lang='lat' dir='ltr'><strong>Postquam</strong></span> 
     </span>
     <span class='ocr_line' id='line_1_18' title="bbox 302 2481 1477 2574; baseline -0.005 -22"><span class='ocrx_word' id='word_1_146' title='bbox 302 2486 434 2552; x_wconf 85' lang='lat' dir='ltr'><strong>Graecia</strong></span> <span class='ocrx_word' id='word_1_147' title='bbox 466 2485 580 2552; x_wconf 79' lang='lat' dir='ltr'><strong>effoeta</strong></span> <span class='ocrx_word' id='word_1_148' title='bbox 609 2484 754 2574; x_wconf 84' lang='lat' dir='ltr'><strong>desipere</strong></span> <span class='ocrx_word' id='word_1_149' title='bbox 779 2483 886 2572; x_wconf 89' lang='lat' dir='ltr'><strong>coepit</strong></span> <span class='ocrx_word' id='word_1_150' title='bbox 907 2481 1063 2571; x_wconf 67' lang='lat' dir='ltr'><strong>poetastri</strong></span> <span class='ocrx_word' id='word_1_151' title='bbox 1083 2481 1117 2545; x_wconf 90' lang='lat' dir='ltr'><strong>in</strong></span> <span class='ocrx_word' id='word_1_152' title='bbox 1137 2481 1281 2548; x_wconf 79' lang='lat' dir='ltr'><strong>versibus</strong></span> <span class='ocrx_word' id='word_1_153' title='bbox 1298 2481 1477 2572; x_wconf 74' lang='lat' dir='ltr'><strong>pangendis</strong></span> 
     </span>
     <span class='ocr_line' id='line_1_19' title="bbox 301 2586 1477 2682; baseline -0.003 -25"><span class='ocrx_word' id='word_1_154' title='bbox 301 2603 407 2682; x_wconf 90' lang='lat' dir='ltr'><strong>spreto</strong></span> <span class='ocrx_word' id='word_1_155' title='bbox 436 2603 539 2656; x_wconf 88' lang='lat' dir='ltr'><strong>metro</strong></span> <span class='ocrx_word' id='word_1_156' title='bbox 567 2597 602 2656; x_wconf 90' lang='lat' dir='ltr'><strong>et</strong></span> <span class='ocrx_word' id='word_1_157' title='bbox 626 2589 806 2681; x_wconf 87' lang='lat' dir='ltr'><strong>quantitate</strong></span> <span class='ocrx_word' id='word_1_158' title='bbox 827 2587 1022 2676; x_wconf 71' lang='lat' dir='ltr'><strong>syllabarum</strong></span> <span class='ocrx_word' id='word_1_159' title='bbox 1042 2587 1089 2652; x_wconf 87' lang='lat' dir='ltr'><strong>nil</strong></span> <span class='ocrx_word' id='word_1_160' title='bbox 1108 2586 1169 2654; x_wconf 87' lang='lat' dir='ltr'><strong>nisi</strong></span> <span class='ocrx_word' id='word_1_161' title='bbox 1192 2598 1341 2654; x_wconf 89' lang='lat' dir='ltr'><strong>accentus</strong></span> <span class='ocrx_word' id='word_1_162' title='bbox 1359 2609 1477 2678; x_wconf 89' lang='lat' dir='ltr'><strong>seque·</strong></span> 
     </span>
     <span class='ocr_line' id='line_1_20' title="bbox 301 2693 906 2776; baseline -0.01 -13"><span class='ocrx_word' id='word_1_163' title='bbox 301 2698 434 2776; x_wconf 87' lang='lat' dir='ltr'><strong>bantur,</strong></span> <span class='ocrx_word' id='word_1_164' title='bbox 459 2710 494 2762; x_wconf 90' lang='lat' dir='ltr'><strong>ut</strong></span> <span class='ocrx_word' id='word_1_165' title='bbox 519 2695 700 2762; x_wconf 87' lang='lat' dir='ltr'><strong>trochaicus</strong></span> <span class='ocrx_word' id='word_1_166' title='bbox 727 2693 906 2759; x_wconf 70' lang='lat' dir='ltr'><strong>descritur:</strong></span> 
     </span>
    </p>

    <p class='ocr_par' dir='ltr' id='par_1_5' title="bbox 502 2797 1256 2883">
     <span class='ocr_line' id='line_1_21' title="bbox 502 2797 1256 2883; baseline -0.004 -16"><span class='ocrx_word' id='word_1_167' title='bbox 502 2798 523 2866; x_wconf 80' lang='grc' dir='ltr'><em>ὦ</em></span> <span class='ocrx_word' id='word_1_168' title='bbox 547 2800 728 2883; x_wconf 73' lang='grc' dir='ltr'><em>βαθυζώνων</em></span> <span class='ocrx_word' id='word_1_169' title='bbox 751 2797 879 2864; x_wconf 73' lang='grc' dir='ltr'><em>ἄνασσαι</em></span> <span class='ocrx_word' id='word_1_170' title='bbox 903 2798 1057 2879; x_wconf 70' lang='grc' dir='ltr'><strong>Περσίδων</strong></span> <span class='ocrx_word' id='word_1_171' title='bbox 1080 2798 1256 2880; x_wconf 71' lang='grc' dir='ltr'><strong><em>ὑπερτάτη.</em></strong></span> 
     </span>
    </p>

    <p class='ocr_par' dir='ltr' id='par_1_6' title="bbox 298 2902 1556 4789">
     <span class='ocr_line' id='line_1_22' title="bbox 300 2902 1477 2994; baseline -0.002 -22"><span class='ocrx_word' id='word_1_172' title='bbox 300 2908 367 2974; x_wconf 88' lang='lat' dir='ltr'><strong>istis</strong></span> <span class='ocrx_word' id='word_1_173' title='bbox 398 2905 555 2972; x_wconf 90' lang='lat' dir='ltr'><strong>iambicus</strong></span> <span class='ocrx_word' id='word_1_174' title='bbox 588 2902 768 2970; x_wconf 88' lang='lat' dir='ltr'><strong>octonarius</strong></span> <span class='ocrx_word' id='word_1_175' title='bbox 797 2903 888 2968; x_wconf 86' lang='lat' dir='ltr'><strong>lieret</strong></span> <span class='ocrx_word' id='word_1_176' title='bbox 916 2926 954 2968; x_wconf 87' lang='lat' dir='ltr'><strong>er</strong></span> <span class='ocrx_word' id='word_1_177' title='bbox 986 2916 1177 2970; x_wconf 85' lang='lat' dir='ltr'><strong>accentuum</strong></span> <span class='ocrx_word' id='word_1_178' title='bbox 1206 2904 1365 2994; x_wconf 89' lang='lat' dir='ltr'><strong>positione</strong></span> <span class='ocrx_word' id='word_1_179' title='bbox 1395 2903 1477 2970; x_wconf 88' lang='lat' dir='ltr'><strong>baec</strong></span> 
     </span>
     <span class='ocr_line' id='line_1_23' title="bbox 299 3007 1476 3104; baseline -0.003 -24"><span class='ocrx_word' id='word_1_180' title='bbox 299 3009 594 3104; x_wconf 86' lang='lat' dir='ltr'><strong>pronuntiantibus.</strong></span> <span class='ocrx_word' id='word_1_181' title='bbox 642 3009 742 3074; x_wconf 74' lang='lat' dir='ltr'><strong>All‘ert</strong></span> <span class='ocrx_word' id='word_1_182' title='bbox 769 3007 857 3076; x_wconf 87' lang='lat' dir='ltr'><strong>hunc</strong></span> <span class='ocrx_word' id='word_1_183' title='bbox 884 3029 1009 3075; x_wconf 80' lang='lat' dir='ltr'><strong>versum</strong></span> <span class='ocrx_word' id='word_1_184' title='bbox 1031 3030 1105 3074; x_wconf 91' lang='lat' dir='ltr'><strong>cum</strong></span> <span class='ocrx_word' id='word_1_185' title='bbox 1124 3009 1235 3074; x_wconf 87' lang='lat' dir='ltr'><strong>multis</strong></span> <span class='ocrx_word' id='word_1_186' title='bbox 1252 3010 1324 3074; x_wconf 88' lang='lat' dir='ltr'><strong>aliis</strong></span> <span class='ocrx_word' id='word_1_187' title='bbox 1341 3011 1400 3102; x_wconf 91' lang='lat' dir='ltr'><strong>qui</strong></span> <span class='ocrx_word' id='word_1_188' title='bbox 1419 3033 1476 3077; x_wconf 81' lang='lat' dir='ltr'><strong>re-</strong></span> 
     </span>
     <span class='ocr_line' id='line_1_24' title="bbox 299 3114 1477 3206; baseline -0.003 -21"><span class='ocrx_word' id='word_1_189' title='bbox 299 3118 466 3185; x_wconf 88' lang='lat' dir='ltr'><strong>homenter</strong></span> <span class='ocrx_word' id='word_1_190' title='bbox 493 3115 534 3182; x_wconf 91' lang='lat' dir='ltr'><strong>de</strong></span> <span class='ocrx_word' id='word_1_191' title='bbox 556 3114 741 3206; x_wconf 85' lang='lat' dir='ltr'><strong>aequalium</strong></span> <span class='ocrx_word' id='word_1_192' title='bbox 761 3115 793 3180; x_wconf 90' lang='lat' dir='ltr'><strong>in</strong></span> <span class='ocrx_word' id='word_1_193' title='bbox 817 3137 855 3180; x_wconf 88' lang='lat' dir='ltr'><strong>ea</strong></span> <span class='ocrx_word' id='word_1_194' title='bbox 877 3137 911 3180; x_wconf 88' lang='lat' dir='ltr'><strong>re</strong></span> <span class='ocrx_word' id='word_1_195' title='bbox 931 3115 1052 3181; x_wconf 88' lang='lat' dir='ltr'><strong>insania</strong></span> <span class='ocrx_word' id='word_1_196' title='bbox 1078 3115 1224 3206; x_wconf 89' lang='lat' dir='ltr'><strong>queritur</strong></span> <span class='ocrx_word' id='word_1_197' title='bbox 1243 3117 1477 3184; x_wconf 83' lang='lat' dir='ltr'><strong>Grammaticus</strong></span> 
     </span>
     <span class='ocr_line' id='line_1_25' title="bbox 298 3219 1478 3313; baseline -0.001 -24"><span class='ocrx_word' id='word_1_198' title='bbox 298 3224 455 3303; x_wconf 88' lang='lat' dir='ltr'><strong>incertus,</strong></span> <span class='ocrx_word' id='word_1_199' title='bbox 478 3247 515 3292; x_wconf 85' lang='lat' dir='ltr'><strong>ex</strong></span> <span class='ocrx_word' id='word_1_200' title='bbox 535 3244 600 3312; x_wconf 91' lang='lat' dir='ltr'><strong>quo</strong></span> <span class='ocrx_word' id='word_1_201' title='bbox 620 3245 691 3312; x_wconf 72' lang='lat' dir='ltr'><strong>paq.</strong></span> <span class='ocrx_word' id='word_1_202' title='bbox 715 3224 788 3288; x_wconf 81' lang='grc'><strong>183.</strong></span> <span class='ocrx_word' id='word_1_203' title='bbox 811 3221 875 3286; x_wconf 88' lang='lat' dir='ltr'><strong>iem</strong></span> <span class='ocrx_word' id='word_1_204' title='bbox 898 3220 1055 3286; x_wconf 89' lang='lat' dir='ltr'><strong>nonnulla</strong></span> <span class='ocrx_word' id='word_1_205' title='bbox 1080 3219 1296 3301; x_wconf 74' lang='lat' dir='ltr'><strong>laudavimus,</strong></span> <span class='ocrx_word' id='word_1_206' title='bbox 1319 3245 1386 3313; x_wconf 92' lang='lat' dir='ltr'><strong>quo</strong></span> <span class='ocrx_word' id='word_1_207' title='bbox 1405 3221 1478 3288; x_wconf 74' lang='lat' dir='ltr'><strong>rivo</strong></span> 
     </span>
     <span class='ocr_line' id='line_1_26' title="bbox 300 3325 1478 3420; baseline -0.003 -24"><span class='ocrx_word' id='word_1_208' title='bbox 300 3331 377 3396; x_wconf 87' lang='lat' dir='ltr'><strong>illae</strong></span> <span class='ocrx_word' id='word_1_209' title='bbox 406 3330 545 3420; x_wconf 78' lang='lat' dir='ltr'><strong>ineptiae</strong></span> <span class='ocrx_word' id='word_1_210' title='bbox 573 3327 1013 3419; x_wconf 80' lang='lat' dir='ltr'><strong>propellulnre&#39;cocperunt:</strong></span> <span class='ocrx_word' id='word_1_211' title='bbox 1038 3326 1097 3391; x_wconf 77' lang='lat' dir='ltr'><strong>alar</strong></span> <span class='ocrx_word' id='word_1_212' title='bbox 1122 3329 1181 3407; x_wconf 69' lang='grc' dir='ltr'><strong>μὲν</strong></span> <span class='ocrx_word' id='word_1_213' title='bbox 1203 3325 1252 3393; x_wconf 80' lang='grc' dir='ltr'><strong>οὖν</strong></span> <span class='ocrx_word' id='word_1_214' title='bbox 1273 3329 1380 3413; x_wconf 69' lang='grc' dir='ltr'><strong><em>δικαίᾳ</em></strong></span> <span class='ocrx_word' id='word_1_215' title='bbox 1403 3351 1478 3410; x_wconf 76' lang='lat' dir='ltr'><strong>arpo·</strong></span> 
     </span>
     <span class='ocr_line' id='line_1_27' title="bbox 301 3431 1478 3525; baseline -0.003 -23"><span class='ocrx_word' id='word_1_216' title='bbox 301 3435 419 3520; x_wconf 72' lang='grc' dir='ltr'><em>φάσει,</em></span> <span class='ocrx_word' id='word_1_217' title='bbox 446 3435 551 3525; x_wconf 89' lang='lat' dir='ltr'><strong>inquit</strong></span> <span class='ocrx_word' id='word_1_218' title='bbox 571 3456 601 3522; x_wconf 90' lang='lat' dir='ltr'><strong>p.</strong></span> <span class='ocrx_word' id='word_1_219' title='bbox 621 3436 703 3509; x_wconf 78' lang='lat'><strong>659,</strong></span> <span class='ocrx_word' id='word_1_220' title='bbox 727 3436 798 3509; x_wconf 69' lang='lat' dir='ltr'><strong>lb,</strong></span> <span class='ocrx_word' id='word_1_221' title='bbox 821 3433 894 3511; x_wconf 76' lang='grc' dir='ltr'><strong>πρὸς</strong></span> <span class='ocrx_word' id='word_1_222' title='bbox 914 3431 985 3495; x_wconf 70' lang='grc' dir='ltr'><strong>τάδε</strong></span> <span class='ocrx_word' id='word_1_223' title='bbox 1007 3432 1043 3494; x_wconf 74' lang='grc' dir='ltr'><strong>τὸ</strong></span> <span class='ocrx_word' id='word_1_224' title='bbox 1065 3439 1123 3504; x_wconf 72' lang='grc' dir='ltr'><strong>τῆς</strong></span> <span class='ocrx_word' id='word_1_225' title='bbox 1149 3432 1243 3511; x_wconf 78' lang='grc' dir='ltr'><em>ὁρμῆς</em></span> <span class='ocrx_word' id='word_1_226' title='bbox 1260 3433 1390 3510; x_wconf 72' lang='grc' dir='ltr'><em>γέγονεν</em></span> <span class='ocrx_word' id='word_1_227' title='bbox 1415 3435 1478 3512; x_wconf 72' lang='grc' dir='ltr'><strong>ἐγὼ</strong></span> 
     </span>
     <span class='ocr_line' id='line_1_28' title="bbox 301 3533 1476 3624; baseline -0.005 -17"><span class='ocrx_word' id='word_1_228' title='bbox 301 3542 359 3621; x_wconf 71' lang='grc' dir='ltr'><strong>μὲν</strong></span> <span class='ocrx_word' id='word_1_229' title='bbox 381 3545 443 3622; x_wconf 80' lang='grc' dir='ltr'><strong>οὐχ</strong></span> <span class='ocrx_word' id='word_1_230' title='bbox 463 3542 533 3624; x_wconf 80' lang='grc' dir='ltr'><strong>ὁρῶ,</strong></span> <span class='ocrx_word' id='word_1_231' title='bbox 557 3541 633 3604; x_wconf 72' lang='lat' dir='ltr'><strong>otas·</strong></span> <span class='ocrx_word' id='word_1_232' title='bbox 647 3537 709 3602; x_wconf 72' lang='grc' dir='ltr'><strong>οὐδ’</strong></span> <span class='ocrx_word' id='word_1_233' title='bbox 725 3540 832 3601; x_wconf 77' lang='grc' dir='ltr'><em>ἐκεῖνον</em></span> <span class='ocrx_word' id='word_1_234' title='bbox 850 3535 960 3612; x_wconf 72' lang='grc' dir='ltr'><strong>λέγειν,</strong></span> <span class='ocrx_word' id='word_1_235' title='bbox 976 3533 1016 3599; x_wconf 77' lang='grc' dir='ltr'><strong>ἂν</strong></span> <span class='ocrx_word' id='word_1_236' title='bbox 1032 3534 1146 3615; x_wconf 79' lang='grc' dir='ltr'><em>ἔχοιεν,</em></span> <span class='ocrx_word' id='word_1_237' title='bbox 1161 3539 1201 3608; x_wconf 75' lang='grc' dir='ltr'><strong>ὥς</strong></span> <span class='ocrx_word' id='word_1_238' title='bbox 1215 3538 1351 3614; x_wconf 66' lang='grc' dir='ltr'><strong>ἐμαυτὸν</strong></span> <span class='ocrx_word' id='word_1_239' title='bbox 1371 3538 1476 3601; x_wconf 76' lang='lat' dir='ltr'><strong>arella.</strong></span> 
     </span>
     <span class='ocr_line' id='line_1_29' title="bbox 302 3637 1479 3737; baseline -0.007 -23"><span class='ocrx_word' id='word_1_240' title='bbox 302 3651 347 3714; x_wconf 77' lang='lat' dir='ltr'><strong>At</strong></span> <span class='ocrx_word' id='word_1_241' title='bbox 365 3645 485 3737; x_wconf 84' lang='lat' dir='ltr'><strong>placuit</strong></span> <span class='ocrx_word' id='word_1_242' title='bbox 512 3655 580 3709; x_wconf 91' lang='lat' dir='ltr'><strong>tum</strong></span> <span class='ocrx_word' id='word_1_243' title='bbox 601 3640 763 3733; x_wconf 86' lang='lat' dir='ltr'><strong>plerisque</strong></span> <span class='ocrx_word' id='word_1_244' title='bbox 786 3639 936 3704; x_wconf 85' lang='lat' dir='ltr'><strong>omnibus</strong></span> <span class='ocrx_word' id='word_1_245' title='bbox 955 3651 1006 3718; x_wconf 88' lang='lat' dir='ltr'><strong>et,</strong></span> <span class='ocrx_word' id='word_1_246' title='bbox 1034 3650 1072 3704; x_wconf 89' lang='lat' dir='ltr'><strong>ut</strong></span> <span class='ocrx_word' id='word_1_247' title='bbox 1090 3637 1159 3729; x_wconf 78' lang='lat' dir='ltr'><strong>ipse</strong></span> <span class='ocrx_word' id='word_1_248' title='bbox 1177 3641 1274 3731; x_wconf 89' lang='lat' dir='ltr'><strong>paulo</strong></span> <span class='ocrx_word' id='word_1_249' title='bbox 1293 3653 1367 3707; x_wconf 86' lang='lat' dir='ltr'><strong>ante</strong></span> <span class='ocrx_word' id='word_1_250' title='bbox 1384 3640 1479 3720; x_wconf 80' lang='lat' dir='ltr'><strong>dirit,</strong></span> 
     </span>
     <span class='ocr_line' id='line_1_30' title="bbox 302 3744 1478 3836; baseline -0.003 -20"><span class='ocrx_word' id='word_1_251' title='bbox 302 3750 422 3828; x_wconf 72' lang='lat' dir='ltr'><strong>iciunae</strong></span> <span class='ocrx_word' id='word_1_252' title='bbox 447 3751 489 3816; x_wconf 76' lang='lat' dir='ltr'><strong>‘rob</strong></span> <span class='ocrx_word' id='word_1_253' title='bbox 513 3748 657 3830; x_wconf 69' lang='grc' dir='ltr'><strong>χερείονα</strong></span> <span class='ocrx_word' id='word_1_254' title='bbox 675 3747 726 3834; x_wconf 80' lang='lat' dir='ltr'><strong>(ex</strong></span> <span class='ocrx_word' id='word_1_255' title='bbox 745 3744 837 3812; x_wconf 88' lang='lat' dir='ltr'><strong>lliad.</strong></span> <span class='ocrx_word' id='word_1_256' title='bbox 858 3753 898 3810; x_wconf 91' lang='lat' dir='ltr'><strong>A.</strong></span> <span class='ocrx_word' id='word_1_257' title='bbox 914 3745 1004 3831; x_wconf 80' lang='lat'><strong>576.)</strong></span> <span class='ocrx_word' id='word_1_258' title='bbox 1022 3756 1055 3810; x_wconf 88' lang='lat' dir='ltr'><strong>et</strong></span> <span class='ocrx_word' id='word_1_259' title='bbox 1076 3758 1148 3834; x_wconf 87' lang='lat' dir='ltr'><strong>post</strong></span> <span class='ocrx_word' id='word_1_260' title='bbox 1168 3767 1269 3836; x_wconf 88' lang='lat' dir='ltr'><strong>panca</strong></span> <span class='ocrx_word' id='word_1_261' title='bbox 1286 3747 1340 3811; x_wconf 73' lang='grc' dir='ltr'><strong>καὶ</strong></span> <span class='ocrx_word' id='word_1_262' title='bbox 1364 3747 1418 3823; x_wconf 75' lang='grc' dir='ltr'><strong>ἤδη</strong></span> <span class='ocrx_word' id='word_1_263' title='bbox 1437 3772 1478 3826; x_wconf 74' lang='grc' dir='ltr'><strong>γε</strong></span> 
     </span>
     <span class='ocr_line' id='line_1_31' title="bbox 301 3848 1482 3941; baseline -0.003 -22"><span class='ocrx_word' id='word_1_264' title='bbox 301 3856 336 3922; x_wconf 77' lang='grc' dir='ltr'><strong>τὸ</strong></span> <span class='ocrx_word' id='word_1_265' title='bbox 361 3858 457 3922; x_wconf 71' lang='grc' dir='ltr'><em>κακὸν</em></span> <span class='ocrx_word' id='word_1_266' title='bbox 480 3853 664 3933; x_wconf 76' lang='grc' dir='ltr'><em>ἐξενίκησεν.</em></span> <span class='ocrx_word' id='word_1_267' title='bbox 702 3851 770 3918; x_wconf 92' lang='lat' dir='ltr'><strong>Usu</strong></span> <span class='ocrx_word' id='word_1_268' title='bbox 789 3862 953 3941; x_wconf 88' lang='lat' dir='ltr'><strong>receptum</strong></span> <span class='ocrx_word' id='word_1_269' title='bbox 972 3849 1014 3915; x_wconf 90' lang='lat' dir='ltr'><strong>ab</strong></span> <span class='ocrx_word' id='word_1_270' title='bbox 1035 3851 1183 3917; x_wconf 81' lang='lat' dir='ltr'><strong>omnibus</strong></span> <span class='ocrx_word' id='word_1_271' title='bbox 1195 3850 1261 3930; x_wconf 84' lang='lat' dir='ltr'><strong>est,</strong></span> <span class='ocrx_word' id='word_1_272' title='bbox 1281 3848 1312 3915; x_wconf 87' lang='lat' dir='ltr'><strong>et</strong></span> <span class='ocrx_word' id='word_1_273' title='bbox 1331 3849 1372 3915; x_wconf 87' lang='lat' dir='ltr'><strong>ud</strong></span> <span class='ocrx_word' id='word_1_274' title='bbox 1391 3849 1482 3916; x_wconf 91' lang='lat' dir='ltr'><strong>huuc</strong></span> 
     </span>
     <span class='ocr_line' id='line_1_32' title="bbox 303 3954 1479 4051; baseline -0.003 -24"><span class='ocrx_word' id='word_1_275' title='bbox 303 3960 388 4028; x_wconf 91' lang='lat' dir='ltr'><strong>diem</strong></span> <span class='ocrx_word' id='word_1_276' title='bbox 418 3960 474 4051; x_wconf 92' lang='lat' dir='ltr'><strong>qui</strong></span> <span class='ocrx_word' id='word_1_277' title='bbox 502 3957 670 4025; x_wconf 83' lang='lat' dir='ltr'><strong>Graeciam</strong></span> <span class='ocrx_word' id='word_1_278' title='bbox 693 3956 842 4025; x_wconf 84' lang='lat' dir='ltr'><strong>incolunt</strong></span> <span class='ocrx_word' id='word_1_279' title='bbox 867 3956 981 4023; x_wconf 83' lang='lat' dir='ltr'><strong>vitium</strong></span> <span class='ocrx_word' id='word_1_280' title='bbox 1003 3954 1072 4021; x_wconf 87' lang='lat' dir='ltr'><strong>boc</strong></span> <span class='ocrx_word' id='word_1_281' title='bbox 1086 3954 1479 4047; x_wconf 83' lang='lat' dir='ltr'><strong>Constantinopolitannm</strong></span> 
     </span>
     <span class='ocr_line' id='line_1_33' title="bbox 304 4053 1483 4132; baseline -0.002 0"><span class='ocrx_word' id='word_1_282' title='bbox 304 4066 397 4132; x_wconf 87' lang='lat' dir='ltr'><strong>alunt</strong></span> <span class='ocrx_word' id='word_1_283' title='bbox 417 4078 450 4132; x_wconf 86' lang='lat' dir='ltr'><strong>et</strong></span> <span class='ocrx_word' id='word_1_284' title='bbox 468 4067 589 4132; x_wconf 84' lang='lat' dir='ltr'><strong>forent.</strong></span> <span class='ocrx_word' id='word_1_285' title='bbox 624 4063 707 4130; x_wconf 84' lang='lat' dir='ltr'><strong>Hinc</strong></span> <span class='ocrx_word' id='word_1_286' title='bbox 726 4062 846 4128; x_wconf 79' lang='lat' dir='ltr'><strong>facturn</strong></span> <span class='ocrx_word' id='word_1_287' title='bbox 866 4073 913 4127; x_wconf 91' lang='lat' dir='ltr'><strong>est</strong></span> <span class='ocrx_word' id='word_1_288' title='bbox 933 4073 970 4126; x_wconf 92' lang='lat' dir='ltr'><strong>ut</strong></span> <span class='ocrx_word' id='word_1_289' title='bbox 991 4061 1141 4128; x_wconf 87' lang='lat' dir='ltr'><strong>Graeculi</strong></span> <span class='ocrx_word' id='word_1_290' title='bbox 1159 4085 1270 4128; x_wconf 86' lang='lat' dir='ltr'><strong>omnes</strong></span> <span class='ocrx_word' id='word_1_291' title='bbox 1287 4053 1483 4130; x_wconf 83' lang='lat' dir='ltr'><strong>accentuum</strong></span> 
     </span>
     <span class='ocr_line' id='line_1_34' title="bbox 305 4167 1481 4261; baseline -0.002 -23"><span class='ocrx_word' id='word_1_292' title='bbox 305 4169 411 4238; x_wconf 84' lang='lat' dir='ltr'><strong>sedem</strong></span> <span class='ocrx_word' id='word_1_293' title='bbox 443 4193 481 4237; x_wconf 87' lang='lat' dir='ltr'><strong>er</strong></span> <span class='ocrx_word' id='word_1_294' title='bbox 508 4169 637 4236; x_wconf 82' lang='lat' dir='ltr'><strong>dicendi</strong></span> <span class='ocrx_word' id='word_1_295' title='bbox 665 4193 724 4235; x_wconf 91' lang='lat' dir='ltr'><strong>usu</strong></span> <span class='ocrx_word' id='word_1_296' title='bbox 752 4168 828 4234; x_wconf 82' lang='lat' dir='ltr'><strong>&#39;satis</strong></span> <span class='ocrx_word' id='word_1_297' title='bbox 857 4167 1029 4258; x_wconf 77' lang='lat' dir='ltr'><strong>diligenter</strong></span> <span class='ocrx_word' id='word_1_298' title='bbox 1050 4181 1180 4236; x_wconf 88' lang='lat' dir='ltr'><strong>teneant</strong></span> <span class='ocrx_word' id='word_1_299' title='bbox 1202 4181 1236 4234; x_wconf 89' lang='lat' dir='ltr'><strong>et</strong></span> <span class='ocrx_word' id='word_1_300' title='bbox 1254 4193 1325 4236; x_wconf 92' lang='lat' dir='ltr'><strong>raro</strong></span> <span class='ocrx_word' id='word_1_301' title='bbox 1345 4191 1481 4261; x_wconf 85' lang='lat' dir='ltr'><strong>peccare</strong></span> 
     </span>
     <span class='ocr_line' id='line_1_35' title="bbox 304 4273 1481 4366; baseline -0.001 -23"><span class='ocrx_word' id='word_1_302' title='bbox 304 4277 426 4344; x_wconf 90' lang='lat' dir='ltr'><strong>soleant</strong></span> <span class='ocrx_word' id='word_1_303' title='bbox 454 4287 678 4364; x_wconf 86' lang='lat' dir='ltr'><strong>praeterquam</strong></span> <span class='ocrx_word' id='word_1_304' title='bbox 705 4274 738 4339; x_wconf 90' lang='lat' dir='ltr'><strong>in</strong></span> <span class='ocrx_word' id='word_1_305' title='bbox 765 4273 876 4364; x_wconf 79' lang='lat' dir='ltr'><strong>lingua</strong></span> <span class='ocrx_word' id='word_1_306' title='bbox 898 4275 1031 4364; x_wconf 88' lang='lat' dir='ltr'><strong>antiqua</strong></span> <span class='ocrx_word' id='word_1_307' title='bbox 1050 4287 1084 4340; x_wconf 89' lang='lat' dir='ltr'><strong>et</strong></span> <span class='ocrx_word' id='word_1_308' title='bbox 1104 4275 1216 4366; x_wconf 88' lang='lat' dir='ltr'><strong>priscis</strong></span> <span class='ocrx_word' id='word_1_309' title='bbox 1233 4275 1399 4342; x_wconf 84' lang='lat' dir='ltr'><strong>vocabulis</strong></span> <span class='ocrx_word' id='word_1_310' title='bbox 1419 4275 1481 4342; x_wconf 88' lang='lat' dir='ltr'><strong>du·</strong></span> 
     </span>
     <span class='ocr_line' id='line_1_36' title="bbox 304 4379 1556 4472; baseline -0.002 -23"><span class='ocrx_word' id='word_1_311' title='bbox 304 4383 381 4449; x_wconf 92' lang='lat' dir='ltr'><strong>dum</strong></span> <span class='ocrx_word' id='word_1_312' title='bbox 402 4381 570 4459; x_wconf 86' lang='lat' dir='ltr'><strong>obsoletis,</strong></span> <span class='ocrx_word' id='word_1_313' title='bbox 587 4392 642 4445; x_wconf 91' lang='lat' dir='ltr'><strong>aut</strong></span> <span class='ocrx_word' id='word_1_314' title='bbox 658 4381 690 4446; x_wconf 89' lang='lat' dir='ltr'><strong>irr</strong></span> <span class='ocrx_word' id='word_1_315' title='bbox 707 4379 745 4445; x_wconf 86' lang='lat' dir='ltr'><strong>iis</strong></span> <span class='ocrx_word' id='word_1_316' title='bbox 757 4381 907 4468; x_wconf 75' lang='lat' dir='ltr'><strong>syllabis,</strong></span> <span class='ocrx_word' id='word_1_317' title='bbox 922 4404 1059 4472; x_wconf 89' lang='lat' dir='ltr'><strong>quarum</strong></span> <span class='ocrx_word' id='word_1_318' title='bbox 1076 4383 1287 4471; x_wconf 88' lang='lat' dir='ltr'><strong>quantitatem</strong></span> <span class='ocrx_word' id='word_1_319' title='bbox 1306 4382 1480 4461; x_wconf 79' lang='lat' dir='ltr'><strong>nescirent,</strong></span> <span class='ocrx_word' id='word_1_320' title='bbox 1551 4403 1556 4412; x_wconf 90' lang='lat'><strong>·</strong></span> 
     </span>
     <span class='ocr_line' id='line_1_37' title="bbox 305 4486 1480 4580; baseline -0.002 -25"><span class='ocrx_word' id='word_1_321' title='bbox 305 4490 340 4555; x_wconf 90' lang='lat' dir='ltr'><strong>in</strong></span> <span class='ocrx_word' id='word_1_322' title='bbox 359 4511 424 4580; x_wconf 90' lang='lat' dir='ltr'><strong>quo</strong></span> <span class='ocrx_word' id='word_1_323' title='bbox 439 4509 560 4578; x_wconf 60' lang='lat' dir='ltr'><strong>«genere</strong></span> <span class='ocrx_word' id='word_1_324' title='bbox 579 4509 633 4552; x_wconf 89' lang='lat' dir='ltr'><strong>eos</strong></span> <span class='ocrx_word' id='word_1_325' title='bbox 654 4486 827 4553; x_wconf 82' lang='lat' dir='ltr'><strong>sexcenties</strong></span> <span class='ocrx_word' id='word_1_326' title='bbox 850 4488 988 4578; x_wconf 87' lang='lat' dir='ltr'><strong>turpiter</strong></span> <span class='ocrx_word' id='word_1_327' title='bbox 1006 4510 1110 4554; x_wconf 87' lang='lat' dir='ltr'><strong>errare</strong></span> <span class='ocrx_word' id='word_1_328' title='bbox 1129 4487 1245 4554; x_wconf 79' lang='lat' dir='ltr'><strong>rideas.</strong></span> <span class='ocrx_word' id='word_1_329' title='bbox 1278 4487 1383 4552; x_wconf 89' lang='lat' dir='ltr'><strong>Nemo</strong></span> <span class='ocrx_word' id='word_1_330' title='bbox 1400 4487 1480 4553; x_wconf 89' lang='lat' dir='ltr'><strong>isto-</strong></span> 
     </span>
     <span class='ocr_line' id='line_1_38' title="bbox 302 4591 1534 4684; baseline -0.003 -22"><span class='ocrx_word' id='word_1_331' title='bbox 302 4619 375 4662; x_wconf 90' lang='lat' dir='ltr'><strong>rum</strong></span> <span class='ocrx_word' id='word_1_332' title='bbox 401 4593 609 4662; x_wconf 83' lang='lat' dir='ltr'><strong>commisisset</strong></span> <span class='ocrx_word' id='word_1_333' title='bbox 630 4592 760 4672; x_wconf 88' lang='lat' dir='ltr'><strong>ritium,</strong></span> <span class='ocrx_word' id='word_1_334' title='bbox 790 4591 878 4683; x_wconf 90' lang='lat' dir='ltr'><strong>quod</strong></span> <span class='ocrx_word' id='word_1_335' title='bbox 902 4591 1055 4658; x_wconf 83' lang='lat' dir='ltr'><strong>Srrtrnrtrs</strong></span> <span class='ocrx_word' id='word_1_336' title='bbox 1074 4591 1107 4656; x_wconf 90' lang='lat' dir='ltr'><strong>in</strong></span> <span class='ocrx_word' id='word_1_337' title='bbox 1128 4592 1326 4658; x_wconf 79' lang='lat' dir='ltr'><strong>Pauaaucur</strong></span> <span class='ocrx_word' id='word_1_338' title='bbox 1347 4595 1479 4684; x_wconf 60' lang='lat' dir='ltr'><strong>compass</strong></span> <span class='ocrx_word' id='word_1_339' title='bbox 1528 4658 1534 4664; x_wconf 81' lang='grc'><em>,</em></span> 
     </span>
     <span class='ocr_line' id='line_1_39' title="bbox 304 4695 1480 4789; baseline -0.003 -23"><span class='ocrx_word' id='word_1_340' title='bbox 304 4701 425 4768; x_wconf 90' lang='lat' dir='ltr'><strong>ratione</strong></span> <span class='ocrx_word' id='word_1_341' title='bbox 456 4701 578 4770; x_wconf 77' lang='lat' dir='ltr'><strong>Thesei</strong></span> <span class='ocrx_word' id='word_1_342' title='bbox 594 4714 626 4768; x_wconf 89' lang='lat' dir='ltr'><strong>et</strong></span> <span class='ocrx_word' id='word_1_343' title='bbox 647 4699 785 4766; x_wconf 75' lang='lat' dir='ltr'><strong>Romuli</strong></span> <span class='ocrx_word' id='word_1_344' title='bbox 806 4720 874 4789; x_wconf 89' lang='lat' dir='ltr'><strong>cap.</strong></span> <span class='ocrx_word' id='word_1_345' title='bbox 894 4703 930 4779; x_wconf 88' lang='grc'><strong>6,</strong></span> <span class='ocrx_word' id='word_1_346' title='bbox 963 4698 1019 4788; x_wconf 93' lang='lat' dir='ltr'><strong>qui</strong></span> <span class='ocrx_word' id='word_1_347' title='bbox 1037 4695 1141 4763; x_wconf 89' lang='lat' dir='ltr'><strong>edidit</strong></span> <span class='ocrx_word' id='word_1_348' title='bbox 1167 4699 1200 4762; x_wconf 82' lang='grc' dir='ltr'><strong>αὐ</strong></span> <span class='ocrx_word' id='word_1_349' title='bbox 1224 4698 1286 4779; x_wconf 70' lang='grc' dir='ltr'><strong>γὰρ</strong></span> <span class='ocrx_word' id='word_1_350' title='bbox 1312 4696 1480 4780; x_wconf 70' lang='grc' dir='ltr'><em>ἀξιώτεραί</em></span> 
     </span>
    </p>
   </div>
   <div class='ocr_carea' id='block_1_4' title="bbox 0 0 1904 5717">
    <p class='ocr_par' dir='ltr' id='par_1_7' title="bbox 0 0 1904 5717">
     <span class='ocr_line' id='line_1_40' title="bbox 0 0 1904 5717; baseline 0 0"><span class='ocrx_word' id='word_1_351' title='bbox 0 0 1904 5717; x_wconf 95' lang='lat' dir='ltr'><strong> </strong></span> 
     </span>
    </p>
   </div>
  </div>
 </body>
</html>
