3767 5717
884 571 892 581 ’
982 605 1047 670 stc

432 800 563 866 nomine
580 808 717 864 utuntur
740 808 773 863 ct
793 819 895 876 unus,
918 794 1007 887 qaod
1026 795 1141 877 sciam,
1166 796 1315 866 Comicus
1334 797 1458 866 mediae
1477 822 1608 870 comoe-

432 907 504 972 diae
529 917 602 997 post
620 904 766 969 amissam
784 903 969 972 libertatem
985 915 1019 970 et
1037 904 1200 972 sublatum
1219 906 1269 972 ius
1286 906 1490 974 comitiorum
1506 908 1606 975 snm

432 1031 559 1078 rusnrs
582 1012 709 1078 Arnen.
734 1009 789 1076 Vt.
813 1034 845 1101 p.
868 1013 946 1076 247.
967 1028 998 1076 r.
1056 1003 1061 1010 ’
1533 999 1536 1003 ’

585 1117 678 1196 παχύ
703 1115 766 1196 γάρ
789 1116 939 1194 γίγνεται
965 1122 982 1204 ΙΙ
1004 1117 1243 1193 assarones-te
1268 1116 1435 1191 οἰκόσιτον,

432 1222 465 1286 in
485 1221 595 1310 lingua
614 1220 730 1311 popuii
746 1221 835 1311 apud
854 1220 1009 1310 antiquae
1026 1221 1210 1294 comoediae
1229 1228 1342 1312 poetas
1358 1233 1390 1287 et
1406 1219 1555 1288 Oratores
1571 1222 1604 1292 in

432 1349 491 1392 usu
510 1323 659 1405 nonest,
691 1324 745 1390 sed
766 1327 950 1406 πομπευταί
969 1349 1064 1395 nemo
1089 1349 1241 1417 umquam
1262 1327 1352 1394 dirit.
1399 1325 1605 1417 Itaque'cor·

431 1444 538 1499 rector
556 1432 673 1522 aliquis
692 1432 887 1511 πομπεύουσι
908 1433 1085 1525 rescripsit,
1115 1433 1201 1523 quod
1226 1457 1263 1498 er
1283 1433 1394 1523 pausis
1413 1434 1605 1524 quibusdem

431 1537 522 1603 libris
545 1551 710 1629 receptum
729 1550 788 1608 est.
834 1538 954 1607 Inscite
972 1539 1147 1606 admodum
1167 1538 1243 1605 ciris
1269 1539 1468 1609 Atheniensis
1489 1539 1607 1608 obiitus

431 1644 526 1734 patrii
546 1646 645 1711 moris
663 1644 743 1710 dicit
767 1652 802 1724 5,
825 1649 877 1713 tt.
907 1649 1101 1725 εἰσηγήσατο
1128 1647 1179 1710 τδν
1201 1646 1291 1723 νόμον
1315 1645 1424 1724 Τίμων
1448 1649 1604 1727 Ἐχεκρα-

430 1750 515 1814 τίδου
544 1752 741 1824 Κολλυτεὺς,
770 1752 957 1834 ε’πεψηφιεε
980 1759 1019 1833 τη
1049 1749 1202 1833 εἰιιιληοέρι
1229 1749 1340 1827 Τέμων
1364 1751 1379 1822 d
1404 1751 1518 1825 αὑτός,
1551 1751 1608 1816 ubi

333 1862 336 1867 '
431 1852 511 1943 quid
538 1853 600 1918 sibi
629 1854 708 1920 vetit
735 1856 918 1938 ἐπεψήφισε
948 1865 989 1938 τῇ
1014 1853 1168 1937 ἐκκλησίην
1197 1851 1352 1943 suspicari
1378 1855 1478 1944 magis
1507 1877 1605 1944 quarn

431 1959 513 2024 scire
532 1971 565 2023 et
583 1959 764 2049 intelligere
783 1982 962 2050 possumus.
995 1957 1085 2024 Idem
1107 1958 1216 2036 Τίμων
1239 1959 1605 2040 Ἐχεκρατίδονῐζολδν-

429 2063 503 2136 τεός
529 2077 637 2129 narrat
660 2068 679 2151 §
701 2069 752 2133 49.
780 2065 887 2141 ἐπειδὴ
909 2064 1010 2147 πρῴην
1038 2063 1142 2144 ἔλαχε
1166 2073 1205 2146 τῇ
1226 2064 1402 2145 Ἐρεχέηίδι
1426 2069 1513 2148 φυλῇ
1537 2067 1607 2132 δια-

429 2168 533 2246 νέμειν
553 2170 589 2233 τὸ
615 2170 752 2250 έεωριιιδν
773 2171 863 2247 κάγὼ
886 2169 1055 2250 προσῆλθον
1078 2169 1173 2233 αἰτῶν
1199 2168 1234 2233 ‘ri
1257 2167 1442 2247 γιγνόμενον
1463 2170 1521 2234 οὖν’
1540 2169 1603 2252 ἔφη

430 2271 587 2354 γνωρίζειν
609 2272 740 2348 πολίτην
762 2270 839 2336 ὄντα
861 2296 924 2350 με,
953 2283 988 2336 at
1008 2270 1112 2336 bonus
1134 2271 1248 2337 Timon
1270 2295 1353 2362 quae
1372 2274 1454 2338 esset
1473 2294 1526 2337 sua
1545 2271 1604 2337 tri·-

432 2373 492 2438 bus
511 2373 689 2452 nesciebat,
713 2397 854 2464 namque
871 2376 1031 2446 Κολλυτὸν
1057 2375 1152 2454 δῆμός
1177 2378 1223 2445 ε’ςι
1249 2384 1305 2450 τῆς
1327 2375 1495 2455 ΑΞγηίδοο,
1525 2387 1607 2446 teste

389 2479 395 2488 ’
432 2479 718 2546 ΗΔιιΡοοιιεΉοιιιι
736 2490 770 2543 et
791 2479 871 2544 aliis.
902 2478 1047 2563 Habetis
1067 2503 1155 2546 error
1174 2481 1296 2571 aliquid
1318 2481 1442 2560 reniae,
1462 2494 1495 2548 et
1513 2506 1606 2573 pror·

431 2609 484 2652 sus
499 2584 610 2674 inepta
630 2596 662 2650 et
681 2596 801 2650 temere
820 2607 839 2650 a
859 2583 1009 2650 Lucrsrto
1029 2587 1104 2650 ficta
1123 2598 1198 2651 sunt
1218 2609 1301 2675 quse
1321 2585 1471 2676 leguntur
1485 2588 1519 2652 in
1537 2589 1607 2679 ipso

429 2689 645 2782 psephismate
666 2694 684 2776 §
707 2697 760 2756 51.
783 2689 835 2755 ἐπὶ
857 2690 977 2762 τούτοις
1004 2688 1107 2756 ἀπατι
1134 2691 1266 2771 δεδέχθαι
1291 2702 1330 2774 τῇ
1353 2693 1453 2775 βουλῇ
1481 2693 1534 2759 ιιαδ
1561 2698 1604 2777 τῷ

428 2797 515 2877 δήμω
535 2797 589 2861 καὶ
615 2805 655 2880 τῇ
676 2795 808 2878 Ἡλιαίᾳ
830 2793 1046 2876 κατάφνλάο
1071 2794 1210 2867 καὶτοῖς
1234 2797 1342 2873 δήμοις
1361 2796 1424 2880 ἰδία
1448 2798 1501 2864 καὶ
1520 2810 1603 2883 κοινῇ

430 2904 547 2976 πάτιν,
579 2901 614 2966 in
632 2923 728 2990 ‘quae
747 2899 942 2965 conveniunt
956 2898 1223 2991 ,ipsius-Luctus!
1243 2899 1339 2966 rerba
1362 2908 1397 2979 5,
1421 2905 1449 2966 1.
1472 2900 1606 2970 ἅπαντα

427 3010 536 3071 ταῦτα
557 3013 648 3086 λῆρος
666 3005 874 3087 ἀναπέφηνεν
898 3002 957 3081 ἔξω
981 3008 1036 3068 τοῦ
1062 3003 1213 3082 πατάγον
1233 3010 1292 3069 τῶν
1314 3005 1482 3084 ἀνομάτων.
1512 3006 1606 3073 liius-

429 3109 594 3178 demmodi
612 3122 660 3177 est
681 3113 699 3195 §
719 3112 773 3178 51.
796 3105 867 3178 εἶπε
892 3110 948 3184 την
971 3108 1098 3187 γννδμην
1118 3109 1258 3187 ,Δημέας
1285 3109 1299 3174 d
1324 3112 1418 3191 ῥητωρ
1446 3115 1604 3191 συγγενὴς

430 3219 527 3281 αὐτοῦ
548 3216 707 3294 ἀγχιςεὺι
737 3215 790 3279 καὶ
814 3214 957 3293 μαθητὴς
984 3212 1040 3287 ἀν,
1067 3211 1124 3276 ubi
1144 3213 1301 3291 τνγγενεέη
1322 3219 1525 3303 praepostere
1544 3217 1606 3282 ed..
1687 3213 1692 3227 '

432 3321 535 3386 ditum
556 3330 620 3397 est,
643 3341 716 3383 nam
738 3330 817 3384 noto
838 3317 1022 3402 discrimine
1040 3319 1194 3397 ἀγχιτεῑς
1220 3317 1271 3382 καὶ
1298 3323 1464 3397 ’συγγενεῖς
1490 3321 1607 3404 διαφέ-

432 3451 547 3508 ρονειν,
584 3426 743 3491 ductito
772 3432 851 3490 teste
880 3436 912 3490 et
942 3423 1052 3490 multis
1079 3423 1160 3490 aliis.
1208 3421 1333 3513 Scripta
1364 3423 1444 3493 haec
1471 3413 1545 3492 suut
1572 3426 1607 3506 in

435 3545 577 3598 extremo
596 3531 809 3622 psephismate
817 3579 833 3609 ,.
856 3541 892 3594 ut
916 3551 992 3594 eum
1015 3528 1071 3617 qui
1090 3526 1169 3594 haec
1188 3529 1320 3596 finierit,
1335 3534 1510 3619 numquam
1530 3533 1606 3621 pse-

433 3639 559 3731 phisma
589 3637 702 3704 vidisse
726 3649 759 3702 et
779 3636 892 3725 legisse
908 3645 1047 3724 putares.
1094 3633 1167 3700 Non
1189 3635 1607 3719 muito'meiius'itridrrtau

433 3746 528 3812 tinnit
551 3748 606 3823 11,
625 3746 684 3821 20,
709 3743 765 3809 ubi
785 3741 918 3808 indocte
934 3739 1026 3806 addit
1049 3739 1164 3805 τούτου
1183 3739 1434 3819 ἀναγνωσθέντος
1450 3745 1518 3806 :roi
1543 3745 1607 3821 ψη-

432 3852 596 3934 φίσματος
619 3850 825 3932 ἐπεψήφισαν
848 3847 906 3926 μέν
931 3847 966 3910 αι’
989 3844 1109 3926 ἀρχαὶ,
1131 3843 1387 3926 ἐπεχειροτόνησε
1410 3845 1443 3910 δέ
1463 3845 1499 3910 τὸ
1524 3851 1606 3919 πλη·

434 3960 497 4029 έοςε
521 3954 620 4021 rerbo
639 3955 876 4035 ἐπιχειροτονεῖν
891 3949 1027 4016 subiecit
1044 3949 1085 4016 do
1100 3973 1157 4020 suo
1175 3951 1360 4030 notionem,
1380 3972 1478 4042 quam
1498 3950 1608 4017 voluit.

434 4065 599 4130 Praeterea
619 4084 678 4152 pro
697 4063 799 4128 δοῦναι
820 4062 945 4140 ψῆφον,
972 4068 1008 4122 ut
1026 4056 1154 4124 Veteres
1174 4056 1280 4124 dicere
1300 4056 1461 4134 sol‘eb'ant,
1481 4055 1608 4122 tucn-

434 4187 497 4235 rtus
517 4180 550 4234 ct
570 4168 732 4258 aequiores
752 4165 902 4230 dictitent
919 4169 1027 4246 ψῆφον
1049 4164 1237 4237 ἀναδοῦναι,
1262 4163 1334 4230 ride
1354 4165 1412 4242 el,
1432 4166 1463 4230 9.
1494 4185 1606 4253 quem-

434 4273 610 4340 admodum
641 4295 735 4363 saepe
762 4272 928 4338 ἀναδοῦναι
963 4278 1089 4358 ponunt
1117 4291 1176 4358 pro
1206 4268 1341 4350 ὀρέγειν,
1376 4294 1406 4336 r.
1428 4291 1455 4336 c.
1484 4269 1606 4352 τιν’ἀφον

433 4384 495 4459 71,
518 4383 568 4446 11.
597 4391 635 4444 nt
653 4385 760 4460 ψῆφον
780 4375 956 4443 ἀναδιδόναι
977 4375 1093 4441 rectius
1116 4375 1312 4442 diribitores
1332 4375 1523 4444 dicerentur.
1569 4374 1608 4442 In

436 4488 630 4555 iudiciorum
651 4483 753 4552 verbis
772 4482 908 4574 propriis
927 4494 960 4548 et
984 4480 1133 4571 legitimis
1151 4480 1247 4548 nimis
1266 4505 1360 4572 saepe
1379 4482 1544 4572 peccarit,
1570 4491 1609 4545 ut

371 4617 376 4625 ⁴
435 4596 468 4659 iu
491 4598 549 4673 19,
573 4596 624 4658 19„
645 4590 826 4656 ἀποδίδοται
851 4586 945 4665 λόγος
968 4585 1101 4667 ἑκατέρῳ
1127 4591 1187 4650 τῶν
1217 4587 1443 4667 κρινομένων
1467 4586 1524 4651 uui
1552 4586 1607 4650 λέ-

434 4723 543 4777 γουσιν
565 4700 596 4762 έν
618 4697 661 4776 τῷ
681 4693 766 4775 μέρει
792 4692 883 4771 ὁμέν
907 4691 1019 4756 διώκων
1044 4690 1058 4753 a‘
1080 4690 1113 4754 δὲ
1136 4689 1276 4772 Φεύγων.
1311 4690 1464 4780 dicuntur
1487 4689 1567 4777 haec
1592 4713 1610 4754 u
