3767 5717
972 643 1039 708 308

415 835 652 904 fabulabantur.
700 833 784 900 Hinc
813 857 929 925 magna
962 837 1065 903 oritur
1094 838 1255 905 conlusio:
1285 837 1383 904 modo
1417 838 1520 906 Attica
1549 837 1585 906 in

415 944 567 1011 Lucrino
590 953 764 1033 apparent,
795 940 895 1007 modo
921 942 1062 1008 ἰδιωτικοὶ
1088 942 1190 1009 multa
1216 942 1399 1010 audiuntur.
1447 943 1585 1010 Afferam

413 1049 559 1140 exempla
584 1069 687 1140 pauca
714 1045 755 1112 de
774 1045 893 1112 multis.
943 1047 987 1114 Ut
1006 1048 1188 1138 saepissime
1208 1049 1342 1131 ἔρχομοιι
1364 1051 1517 1128 occurrit,
1536 1050 1583 1116 sie

413 1178 478 1222 non
507 1154 614 1220 minus
643 1147 737 1243 saepe
767 1175 825 1242 pro
846 1151 981 1233 ἔρχομοιι
1004 1152 1127 1219 ridebis
1146 1151 1211 1234 εἶμι
1231 1155 1314 1220 male
1333 1167 1365 1220 et
1386 1155 1585 1244 negligenter

412 1261 569 1354 positum,
596 1273 633 1325 ut
653 1263 716 1339 49,
739 1262 793 1325 36.
814 1258 923 1323 πολλοὶ
950 1259 1089 1324 σννίοισιν
1105 1297 1151 1310 -
1165 1261 1314 1335 οέπύοισιν,
1338 1283 1397 1352 pro
1422 1263 1585 1343 συνέρχον-

413 1389 467 1431 σοιι
482 1403 529 1416 -
540 1366 753 1446 οὶπέρχονποιι,
774 1362 871 1452 paulo
890 1369 998 1451 ante§
1019 1368 1069 1430 15.
1083 1365 1212 1445 διέξειμι
1228 1365 1376 1431 futurum
1393 1377 1457 1445 est,
1477 1370 1584 1430 σοῦσον

414 1472 469 1548 ᾔδη
501 1493 548 1535 σοι
581 1455 711 1548 διέξειμι
739 1480 771 1534 et
796 1480 868 1559 post
894 1489 995 1559 pauca
1017 1474 1035 1558 §
1059 1475 1113 1538 88.
1136 1471 1359 1537 ἐπελεύσεσθαι
1381 1480 1526 1563 apparet,
1550 1481 1584 1534 et

412 1601 507 1669 saepe
527 1575 873 1657 μεσελεύσομοιιινῑΊ,
899 1579 950 1642 18.
983 1577 1040 1654 10,
1064 1581 1104 1654 5,
1129 1579 1160 1643 2.
1195 1579 1335 1656 10,10,
1373 1582 1421 1644 13.
1444 1580 1505 1655 25,
1528 1577 1584 1642 27.

414 1688 474 1764 66,
502 1688 544 1749 38
564 1680 621 1746 ubi
643 1678 767 1745 Atticus
785 1680 913 1760 μέτειμι
933 1681 1128 1770 scripsisset3
1152 1682 1196 1747 sic
1217 1682 1303 1748 male
1322 1680 1584 1761 ἐπεξελεύσεσθαι

412 1789 531 1880 legitur
551 1793 610 1865 44,
636 1788 687 1852 16.
707 1783 874 1876 et'passim
896 1785 1099 1882 sic-erratum
1120 1799 1179 1853 est.
1226 1787 1384 1853 Vitiosum
1403 1798 1451 1852 est
1471 1783 1587 1851 eodem

412 1896 543 1961 nomine
563 1895 621 1970 69,
639 1894 681 1956 23
701 1891 907 1970 μεσελενςέον
923 1913 983 1981 pro
1001 1892 1144 1971 μετιτέον
1164 1891 1215 1957 rel
1234 1894 1427 1972 μεπιπιρπέον.
1457 1890 1583 1982 Imper-
1636 1897 1638 1902 '

414 2001 535 2067 lectum
565 1999 627 2081 ᾔειν
647 2019 742 2087 saepe
763 1995 917 2076 recurrit,
940 1995 994 2062 ted
1018 2001 1056 2074 4,
1082 2002 1102 2063 4
1121 1997 1257 2086 pessime
1277 2000 1320 2070 εἰς
1346 2006 1456 2078 χοῖρος
1474 2002 1583 2078 μικροῦ

414 2108 478 2174 δεῖν
503 2105 617 2185 ᾔρχεπο
643 2101 799 2174 πολλάκις
821 2096 977 2192 scriplum
997 2113 1053 2168 est.
1101 2101 1217 2169 Nescio
1236 2125 1294 2169 cur
1311 2102 1588 2169 Hnnsruunuslus

418 2212 477 2289 11,
512 2212 530 2273 7
561 2230 621 2298 pro
650 2207 778 2287 ε’ποινῇει
808 2207 906 2272 πύλιν
934 2207 1132 2298 rescripserit
1159 2211 1322 2292 ε’ποονῇειν,
1357 2209 1445 2300 quod
1478 2231 1588 2274 omues

414 2325 615 2405 receperunt.
665 2309 868 2377 inconsulto:
901 2313 996 2378 rerba
1030 2325 1103 2378 sunt
1133 2314 1219 2392 μεσοδ
1250 2315 1276 2378 δ’
1305 2308 1354 2379 οὖν
1387 2316 1443 2387 σὴν
1469 2314 1587 2395 ε’πιρδῇν

414 2420 480 2502 πρὶς
514 2419 554 2482 ἄν
586 2436 646 2496 μου
676 2417 749 2498 πρὸς
788 2415 863 2506 (leg.
893 2417 950 2507 cir)
981 2419 1016 2484 rl
1046 2418 1205 2500 πρύσοιπον
1239 2409 1429 2490 ἀποπτύσας
1458 2419 1586 2500 ἕποινῇει

416 2523 515 2590 πύλιν
546 2521 654 2588 ούδὲνοι
689 2526 748 2586 πῶν
764 2523 995 2594 ,ύποινπύνπονν
1029 2522 1247 2605 προσβλέπων.
1296 2521 1492 2612 Recipienda
1522 2533 1590 2590 tum

415 2628 547 2695 demum
568 2628 629 2692 erit
653 2625 757 2717 prima
775 2649 928 2717 persona,
952 2649 1050 2718 quum
1080 2626 1250 2716 quisquam
1274 2626 1355 2691 sorio
1380 2625 1489 2692 credet
1510 2630 1590 2694 οὶπο·

416 2734 542 2807 ππύσοις
561 2733 596 2798 in
619 2731 682 2796 hoc
703 2731 777 2796 loco
800 2735 981 2798 ›robsolute
991 2737 1080 2823 poni
1088 2731 1410 2822 ρννοοέποππύσοινσος
1422 2733 1589 2807 cellararii

414 2839 604 2905 οὶπὲππνσε”
635 2849 671 2902 ut
690 2821 973 2904 liaustuuuusrus'
990 2837 1163 2915 festinans,
1187 2834 1299 2915 credo,
1318 2835 1452 2926 scripsit.
1499 2837 1593 2904 nnti-

413 2965 501 3035 quae
526 2943 649 3009 formae
680 2939 753 3008 sunt
782 2939 840 3025 ᾔει,
876 2943 1001 3026 ᾔεισύοι,
1033 2943 1079 3025 ᾔει
1108 2942 1183 3026 (ᾔειν
1212 2951 1286 3005 ante
1313 2941 1486 3028 vocalem),
1520 2953 1590 3009 tum

417 3048 516 3134 ᾔμεν,
552 3047 607 3132 ᾔπε
628 3061 660 3114 et
680 3047 773 3131 ᾔσοιν.
810 3045 893 3114 Cum
913 3045 963 3113 bis
982 3047 1093 3112 formis
1113 3044 1235 3134 ubique
1254 3046 1375 3112 scribae
1396 3047 1517 3114 bellum
1537 3071 1592 3138 ge·

413 3167 493 3222 runt
519 3166 552 3220 et
580 3155 643 3237 ᾔεις
665 3163 846 3242 reponunt,
870 3153 997 3235 ᾔειμεν,
1019 3155 1103 3236 ᾔειπε
1122 3163 1154 3216 et
1173 3152 1280 3234 ᾔεσοιν.
1330 3155 1412 3220 Rara
1432 3155 1588 3246 quaedam

420 3261 549 3350 vestigia
581 3271 613 3325 et
642 3258 761 3324 indicia
790 3257 905 3325 reteris
927 3280 1002 3324 usus
1020 3268 1191 3348 apparent,
1215 3269 1251 3323 ut
1271 3257 1469 3338 incaeteris,
1493 3261 1591 3328 sicet

418 3368 453 3433 in
481 3366 643 3431 Lucrino.
690 3363 782 3428 Libri
814 3363 847 3428 in
880 3368 941 3442 38,
977 3366 1018 3429 18
1047 3363 1168 3430 variant
1195 3363 1228 3428 in
1256 3364 1398 3447 ε’ξῇειμεν
1426 3378 1458 3431 et
1483 3364 1590 3446 ἔξιμεν

417 3470 631 3563 superscripto
660 3497 696 3546 ιρ,
731 3481 768 3534 ut
784 3469 898 3552 ἐξῇμεν
919 3469 1056 3537 soluisse
1075 3469 1239 3536 hominem
1260 3485 1425 3560 appareat:
1445 3481 1590 3554 ποορῇμεν

417 3589 554 3644 aetatem
581 3576 657 3669 tulit
677 3578 738 3653 26,
762 3577 798 3654 7,
822 3575 1031 3664 quamobrem
1053 3588 1197 3666 suspecta
1217 3587 1291 3641 sunt
1312 3575 1453 3658 ἕξῇειμεν
1475 3580 1533 3654 34,
1558 3581 1590 3644 5.

415 3684 572 3766 οὶπῇειμεν
605 3685 663 3759 46,
696 3683 748 3744 27.
777 3682 949 3762 κοπῇειμεν
980 3685 1039 3760 66,
1063 3686 1116 3747 35.
1141 3682 1175 3747 in
1196 3694 1260 3747 tarn
1282 3681 1444 3772 frequenti
1463 3694 1495 3748 et
1513 3703 1589 3772 pro-

417 3787 494 3853 cliri
520 3784 779 3878 interpolatione.
827 3783 937 3850 Exstat
967 3790 1087 3870 προῇεις
1113 3790 1156 3852 66
1165 3837 1174 3868 ,
1201 3793 1214 3853 1
1238 3811 1297 3878 pro
1321 3791 1486 3872 προῇεισύοι
1505 3787 1590 3854 auti-

417 3895 581 3985 quintum:
607 3891 720 3957 eodem
746 3889 824 3955 vitio
845 3884 879 3964 ἧς
899 3914 958 3981 pro
980 3886 1058 3966 ἦσύοι
1079 3891 1196 3982 legitur
1216 3895 1275 3972 38,
1299 3898 1319 3958 3
1341 3896 1457 3976 etii),
1487 3897 1544 3974 16,
1569 3899 1589 3959 3

416 4007 528 4074 rvris:
559 3999 751 4064 dissentiunt
779 3998 856 4064 libri
886 4003 943 4080 10,
968 4004 1003 4079 7,
1031 4004 1058 4065 l.
1086 4000 1118 4064 in
1145 4007 1245 4082 πορῇς
1267 4011 1299 4065 et
1317 4003 1478 4080 ποιρῆσύοι,
1504 4011 1591 4067 recte

417 4105 544 4188 ᾔδεισύοι
569 4106 725 4196 scriptum
754 4116 801 4172 est
830 4109 893 4184 65,
918 4109 950 4173 9.
999 4105 1036 4171 In
1065 4105 1233 4196 participio
1253 4129 1323 4171 raro
1343 4106 1512 4196 peccarit,
1536 4105 1592 4172 sed

417 4221 527 4276 tamen
554 4212 718 4295 ἐρχόμενον
749 4213 780 4278 ei
807 4213 924 4278 cncidit
955 4217 1013 4292 29,
1046 4217 1089 4278 23
1116 4226 1148 4278 ct
1173 4213 1389 4295 προερχόμενον
1415 4216 1452 4292 8,
1477 4217 1536 4293 20,
1560 4221 1595 4297 5,

420 4317 561 4408 Antiqua
592 4318 721 4384 dicendi
751 4318 951 4384 consuetudo
970 4319 1003 4384 in
1023 4317 1155 4388 histem
1176 4329 1252 4383 nota
1272 4330 1395 4384 crater
1415 4321 1593 4411 praeceptis

417 4435 450 4490 et
485 4424 623 4513 querelis
653 4435 685 4489 et
715 4419 992 4490 criminationibus
1019 4425 1263 4514 magistrorum,
1296 4437 1331 4490 ut
1358 4425 1393 4488 in
1422 4427 1592 4516 permultis

320 4524 324 4529 ’
416 4531 498 4598 locis
517 4542 711 4598 correctores
730 4542 886 4596 errantem
907 4531 1094 4622 scriptorem
1112 4532 1265 4622 castigare
1282 4530 1405 4596 'soleant
1419 4531 1591 4598 etdicendi

418 4637 647 4728 negligentiam
677 4635 792 4704 audaci
823 4639 1022 4705 correctione
1054 4638 1182 4710 tollere.
1223 4637 1279 4703 Est
1309 4660 1422 4729 operae
1451 4639 1592 4730 pretium

419 4741 501 4834 ipsas
532 4741 691 4812 Codicimr
722 4743 877 4818 lectiones
907 4744 1123 4838 discrepantes
1152 4741 1308 4812 subiicere
1337 4742 1456 4811 oculis:
1478 4747 1514 4825 3,
1539 4747 1594 4812 20.
