3767 5717
966 571 1031 637 296
1261 613 1268 620 -
1299 643 1313 677 ὓ

693 769 778 834 τουτί
804 766 840 832 τό
862 770 896 845 γ’
920 765 993 845 ἐμὸν
1018 757 1287 842 σῶμάύτοῖσινϊ·
1361 787 1364 794 ’

695 865 825 954 παρόχα
849 872 998 944 τύπτειν,
1025 875 1147 947 πεινῆν,
1172 870 1276 949 διψῆν.

352 992 358 1002 “
406 979 463 1045 ubi
487 977 617 1046 emenda
637 977 723 1042 τουτὶ
743 977 856 1055 τούμὸν
877 976 971 1053 orie}
992 973 1051 1038 nisi
1071 972 1142 1062 quis
1161 971 1339 1062 perspicere
1359 971 1477 1060 poterit
1496 972 1576 1062 quid

406 1086 467 1151 sibi
504 1109 544 1162 γε
582 1083 668 1150 velit.
730 1081 885 1148 Constans
922 1092 1064 1145 veterum
1091 1100 1165 1146 usus
1192 1091 1238 1144 est
1267 1077 1300 1142 iu
1330 1077 1447 1144 talibus
1479 1079 1579 1145 verbo

405 1189 556 1269 παρέχειν
572 1187 728 1253 subiicere
743 1190 877 1253 activam
893 1187 982 1253 verbi
997 1186 1146 1251 formam:
1162 1186 1293 1267 ’παρέχω
1306 1185 1440 1262 τέμνειν,
1453 1183 1575 1258 παίειν,

404 1293 549 1371 τύπτειν,
574 1302 707 1370 πατεῖν,
730 1293 855 1360 similia.
905 1293 1051 1359 Graviter
1073 1291 1169 1382 igitur
1190 1291 1305 1357 erravit
1325 1291 1496 1356 Lucienus
1517 1292 1576 1366 18,

408 1404 436 1462 l.
469 1396 555 1462 πόσοι
583 1398 682 1461 Μίδαι
710 1397 903 1476 μετέπεισαν
935 1399 1029 1462 αὐτόν
1055 1398 1217 1477 μονονουχὶ
1244 1398 1295 1461 τὸν
1318 1393 1419 1476 ἕτερον
1445 1396 1524 1461 πόδα
1544 1397 1577 1459 ἐν

403 1503 445 1582 τῷ
480 1500 630 1581 πορθμείῳ
662 1500 779 1581 ἔχοντα
809 1498 961 1583 παρέχειν
995 1503 1103 1566 ἑαυτόν
1136 1499 1281 1566 ἕλκεσθαι
1320 1500 1374 1566 καί
1409 1500 1574 1580 σύρεσθαι,

406 1606 565 1695 sequiores
593 1606 718 1695 saepius
745 1606 789 1671 ita
819 1619 972 1696 peccant,
1004 1617 1037 1670 et
1063 1605 1231 1670 Lucienus
1248 1605 1316 1696 ipse
1336 1603 1432 1684 alibi,
1455 1616 1577 1669 veteres

404 1734 591 1800 numquam.
636 1711 752 1791 11110,
779 1716 835 1791 15,
863 1715 1028 1790 1.οίγεννῆ
1054 1711 1124 1774 τινα
1149 1711 1258 1792 Φρύγα
1284 1711 1431 1799 [δειλόν],
1452 1722 1483 1774 et
1503 1731 1578 1774 mor

405 1817 457 1880 τόν
479 1817 606 1889 Πηλέως
629 1816 660 1880 δὲ
685 1817 795 1905 [υἱόν],
818 1830 850 1883 et
873 1821 928 1896 10,
954 1819 1012 1888 26,
1041 1816 1223 1894 1.ούχῆδὺ
1246 1811 1279 1889 ῆν
1302 1815 1430 1905 [ζῶντα]
1452 1816 1521 1896 όροῖν
1539 1815 1576 1879 τό

405 1925 492 2001 φῶς,
520 1921 575 1996 15,
600 1923 643 1984 33
667 1922 702 1995 ῆν
722 1944 793 1984 τινα
814 1926 873 1985 τῶν
896 1919 1102 2000 μεμυημένων
1125 1920 1191 1983 ἰδὼν
1221 1919 1485 2007 [ἐξαγορεύοντα]
1501 1929 1574 1986 ταῖν

406 2026 490 2088 ύεαῖν
521 2025 635 2113 (scribe
661 2033 726 2090 τοῖν
759 2027 849 2114 ύεοῖν)
882 2024 1065 2106 τοίπόρρορτα
1096 2023 1179 2110 [καί]
1209 2024 1428 2105 ἐξορχούμενον
1450 2026 1576 2102 οίγανα-

342 2164 345 2168 ι
406 2130 527 2208 κτῆσιν,
552 2131 609 2221 qui
627 2131 804 2220 elegantius
822 2130 1054 2221 loquebantur,
1076 2128 1225 2194 dicebant
1240 2130 1282 2194 τόι
1294 2126 1577 2210 μυςῆρια,,τοέπόρ-

405 2256 485 2312 ρῆτα
517 2234 725 2316 ἐξορχεῖσθαι,
747 2259 806 2325 pro
831 2235 1042 2316 ἐξαγορεύειν,
1069 2246 1104 2297 ut
1122 2235 1189 2325 ipse
1210 2235 1379 2300 Lucterius
1398 2234 1492 2299 docet
1514 2236 1579 2312 38,

409 2343 460 2403 15.
494 2341 590 2404 ἐκεῖνο
619 2340 651 2403 δέ
679 2341 797 2412 ποίντες
827 2341 1002 2405 ύιιούουοινΑ
1020 2335 1066 2403 ότι
1095 2340 1166 2411 τοὺς
1195 2339 1505 2420 ἐξαγορεύοντας
1534 2337 1577 2402 τόν

404 2443 542 2522 μυςῆρια
568 2442 812 2522 ἐξορχεῖσθαι
837 2444 983 2522 λέγουσιν
1007 2443 1032 2506 οἱ
1054 2441 1181 2516 πολλοί,
1208 2442 1279 2531 q'uis
1300 2440 1398 2530 igitur
1416 2443 1476 2507 iste
1496 2465 1576 2508 eon-

405 2547 539 2635 imigat?
567 2550 625 2626 15,
638 2533 881 2630 43..ύνίρπουσι.
902 2547 1064 2626 βομβῆδόυ
1086 2547 1120 2620 νῆ
1142 2547 1206 2612 Δία
1215 2545 1276 2612 ’καὶ
1295 2547 1441 2627 βοτρυδόν
1466 2549 1577 2636 [ἑσμοῦ

405 2652 504 2739 δίκην]
532 2650 582 2717 ίνα
605 2653 689 2741 [καί]
717 2655 786 2717 καθ’
807 2654 945 2735 Ὅμηρον
970 2651 1063 2742 alno,
1099 2649 1236 2740 disiungi
1264 2673 1328 2716 non
1356 2664 1491 2741 possunt
1516 2655 1576 2732 βο-

404 2757 526 2836 τρυδόν,
551 2756 601 2822 ἵνα
624 2761 693 2823 καθ’
714 2759 853 2840 Ὅμηρον
880 2758 967 2822 εἴποι.
1006 2759 1062 2832 16,
1083 2759 1137 2821 22.
1162 2758 1196 2821 τὸ
1219 2758 1376 2838 τριβώνιον
1402 2757 1573 2846 [πρότερον]

404 2861 480 2933 τίσις
505 2859 647 2944 ἄμορφον
674 2859 836 2941 εἷναίμυι
869 2864 989 2935 δοκούν,
1025 2883 1098 2926 narn
1130 2862 1394 2952 oterstgnifioat
1421 2862 1575 2944 epicenon.

407 2967 458 3043 17,
479 2969 510 3030 7.
535 2960 592 3030 εἶτ’
612 2964 721 3050 ἔλαύον
744 2964 845 3047 όιμφυ
869 2963 1097 3052 [γηράσαντες]
1118 2963 1218 3044 ἔξωροι
1237 2965 1395 3044 γενόμενοι
1416 2969 1469 3032 καί
1490 2965 1576 3043 οὗτος

402 3075 457 3134 τοῦ
481 3071 552 3149 ἐρῖον
573 3071 713 3141 κακεῖνος
733 3075 788 3133 τού
806 3066 1022 3146 μεταδιδόναι,
1042 3069 1184 3158 corrupit
1203 3069 1414 3160 interpolator
1428 3072 1506 3138 dicti
1522 3097 1574 3140 ve·

403 3184 579 3250 nostratem,
598 3183 631 3236 et
651 3176 669 3258 §
690 3177 744 3237 25.
764 3169 802 3237 ὧν
821 3172 878 3250 μὲν
897 3171 960 3252 γόιρ
985 3169 1090 3258 [ἕνεκα
1109 3179 1167 3236 τῶν
1184 3174 1396 3264 μαόιρμοίτυν]
1416 3179 1574 3256 ἐπιθυμεῖν

401 3280 510 3360 φῆσαο
537 3278 715 3358 παρείληφέ
745 3302 780 3342 σε
805 3277 910 3355 ὀλίγον
940 3277 1024 3356 αύτῷ
1056 3277 1146 3355 μέλει
1159 3319 1179 3357 ,-
1199 3278 1260 3346 nisi
1280 3279 1336 3345 illa
1357 3293 1575 3373 expurgentur

403 3405 466 3446 uon
496 3383 655 3448 constabit
684 3383 841 3448 sententia
869 3382 941 3448 loci.
984 3381 1022 3449 In
1052 3385 1109 3461 18,
1131 3389 1161 3449 2.
1194 3387 1231 3450 σὺ
1250 3393 1357 3452 ταῦτα
1380 3389 1451 3468 πρός
1474 3414 1514 3468 με
1543 3390 1573 3477 [ὁ

403 3487 556 3576 Σαβῖνος]
585 3489 639 3564 ῆδῆ
662 3488 767 3567 λέγεις
798 3511 865 3553 non
892 3511 973 3577 opus
1005 3499 1071 3553 erat
1101 3487 1256 3556 Sabinum
1285 3492 1577 3573 commonefacere,

403 3593 474 3682 quis
496 3602 588 3658 esset.
628 3595 760 3669 20,13.
789 3589 886 3671 εὖγε
910 3593 943 3666 νῆ
969 3593 1021 3658 τόν
1044 3595 1161 3673 Ἑρμῆν
1188 3591 1223 3682 [ὦ
1244 3595 1430 3686 Ἑρμότιμε]
1457 3600 1571 3676 αὐτόν,

401 3691 436 3760 ού
458 3697 614 3775 ἐπώνυμος
641 3696 678 3760 ὢν
704 3696 899 3777 τυγχοίυεις,
932 3719 1030 3787 quam
1053 3695 1162 3787 inepte
1183 3699 1405 3790 interpositum
1425 3702 1488 3769 hoc
1509 3709 1576 3772 est!

401 3813 564 3892 praeterea
595 3800 629 3874 νῆ
654 3802 706 3865 τὸν
731 3804 847 3881 Ἑρμῆν
869 3803 963 3866 αὐτόν
988 3824 1052 3866 nou
1072 3812 1205 3892 possunt
1226 3804 1340 3872 dirimi.
1384 3807 1423 3872 ln
1444 3812 1503 3888 20,
1523 3814 1575 3876 76.

401 3909 478 3984 λῆύνρ
499 3933 546 3980 τις
568 3904 626 3974 ἐςον
647 3908 747 3970 αὐτῶν
766 3904 867 3987 ὥσπερ
887 3913 946 3972 τῶν
968 3909 1023 3988 πρὸ
1041 3910 1210 3974 Εὐκλείδου
1235 3911 1399 3999 [ἄρχοντος
1419 3915 1575 3996 πραχύόν-

402 4012 498 4099 τυν],
524 4010 732 4101 proverbialis
754 4009 834 4076 haec
854 4010 975 4082 locutio
997 4024 1061 4090 est,
1092 4013 1149 4078 ubi
1170 4015 1425 4107 breviloquentia
1446 4032 1575 4086 venusta

341 4168 344 4184 .
403 4127 449 4182 ost
470 4128 502 4181 et
521 4121 567 4203 exj
579 4115 625 4182 rei
644 4128 758 4182 natura
778 4117 935 4207 sequitur3
959 4117 1040 4185 nihil
1057 4117 1253 4189 addiderunt
1275 4128 1331 4204 16,
1351 4133 1380 4190 5.
1403 4126 1436 4190 τί
1451 4125 1513 4207 γοίρ
1531 4152 1580 4205 με.

403 4222 451 4287 δεῖ
470 4222 653 4302 προίγματα
682 4219 767 4300 ἔχειν
790 4222 834 4285 τόν
860 4222 1103 4314 πρέΕύιιλείδου
1127 4225 1353 4308 ἐξετάζουσαν,
1399 4229 1437 4294 In
1467 4234 1524 4309 26,
1544 4220 1574 4296 7'.

402 4324 534 4407 ύφίονον
562 4321 595 4400 ῆν
618 4325 653 4390 τό
670 4329 780 4406 ,ῥεῦμα
804 4325 855 4388 καὶ
882 4327 962 4390 πολὺ
989 4323 1048 4394 viee
1073 4330 1199 4410 ἐνιαχοῦ
1218 4335 1272 4400 ’καί
1296 4336 1475 4416 ναυσίπορον
1494 4331 1573 4400 εἶναι

407 4431 602 4519 [terraram
632 4431 801 4520 perspicua
829 4451 879 4494 res
904 4442 965 4501 est.
982 4463 994 4486 Δ.
1014 4431 1054 4506 ln
1074 4437 1134 4513 27,
1154 4439 1205 4501 22.
1231 4439 1316 4515 ἐγέςχ
1348 4442 1375 4529 [5
1400 4441 1504 4528 ῆγὼρ]
1532 4441 1575 4506 τὰ

337 4569 345 4586 ·
402 4537 478 4613 παρ’
496 4537 603 4608 αὐτοῖς
622 4534 830 4609 aaronem,
855 4535 1061 4631 interpolatio
1077 4541 1250 4636 manifesta·
1263 4545 1385 4612 minuit
1400 4547 1464 4612 1οεί
1483 4547 1575 4637 lupo*

404 4659 479 4703 rem.
528 4639 566 4704 ln
595 4645 653 4720 29,
677 4645 728 4709 18.
762 4640 858 4715 ποίύος
887 4641 1036 4709 οίπύντιον
1070 4645 1188 4733 [παθῶν
1216 4650 1271 4737 τό]
1299 4652 1577 4726 δυσαλωτότατον,
