3767 5717
993 605 1034 666 δύ

656 780 687 852 ἐς
711 778 754 844 τὰ
780 777 930 860 καθύρεια
953 778 1044 856 λιμὸς
1068 775 1273 858 εἰσοικίζεται.

450 879 610 950 Benarnns
645 882 787 950 noudum
824 884 986 970 perspexit
1021 880 1179 964 καθύρειοο
1216 881 1366 946 Graecum
1402 899 1493 958 esse,
1528 901 1591 948 non

405 988 568 1073 καθύριοι,
604 987 688 1075 quod
716 989 852 1055 retinuit
883 992 925 1065 8,
949 992 993 1063 6,
1016 991 1046 1053 t.
1106 987 1307 1072 Quamquam
1334 984 1377 1051 τα
1399 991 1504 1067 χρυσοῖ
1529 986 1589 1063 ἔτη

406 1102 482 1160 sunt
505 1094 660 1180 sequioris
682 1094 819 1172 aetatis,
840 1101 949 1159 tamen
970 1091 1010 1158 ab
1033 1091 1093 1158 bac
1115 1091 1185 1158 labe
1205 1089 1364 1158 immunia
1391 1099 1467 1156 sum
1490 1101 1590 1158 recte

407 1219 469 1286 que
494 1199 612 1285 legitur
632 1219 679 1263 vs.
702 1204 762 1266 55:

608 1302 727 1385 Εἰθίζου
750 1303 782 1370 δὲ
802 1303 924 1370 θθανταν
946 1303 1031 1384 ἔχειν
1054 1302 1233 1384 καθύρειον,
1256 1299 1417 1383 ἄθρυπτον.

406 1409 440 1476 in
468 1428 535 1496 seq.
564 1407 590 1498 ὃ
617 1414 669 1474 15.
697 1409 715 1474 θ
744 1409 778 1475 δὲ
802 1409 919 1475 ακούων
945 1406 970 1475 ἃ
992 1406 1027 1486 ἦν
1057 1406 1180 1487 μεταξὺ
1215 1407 1412 1484 ἐπαιδεύετο,
1443 1427 1589 1494 expunge

403 1511 495 1593 ύοῆν.
543 1513 578 1579 ln
605 1513 732 1580 Timone
751 1520 794 1592 ts,
818 1519 872 1582 58.
896 1515 990 1595 ε’χρην
1010 1515 1067 1592 μὲν
1094 1513 1166 1588 ἴσως
1185 1510 1239 1578 καὶ
1263 1513 1371 1594 μακροὶ
1394 1514 1491 1578 εἰπεῖν
1511 1509 1588 1579 οὕτω

404 1619 511 1687 πολλοὶ
535 1620 594 1684 ὑπὸ
616 1623 671 1683 σοῦ
693 1619 961 1701 κατηγορηθέντα,
993 1621 1110 1684 vitium
1141 1617 1231 1694 alunt
1260 1616 1337 1683 haec
1365 1617 1480 1694 verba,
1505 1617 1590 1704 quod

404 1725 450 1792 ita
484 1722 701 1810 deprehendes
733 1725 760 1789 si
799 1725 987 1792 memineris
1020 1729 1252 1806 κατηγορούμαι
1288 1721 1336 1790 vel
1369 1723 1589 1804 κατηγύρημαι

404 1828 454 1895 uel
471 1831 683 1910 κατηγορηθην
694 1829 756 1908 ε’γύ
777 1829 841 1895 dici
859 1849 922 1896 non
935 1849 1043 1917 posse,
1061 1830 1117 1896 sed
1137 1826 1349 1911 κατηγύρηται
1367 1830 1459 1907 iacob:
1482 1829 1591 1915 itaque

404 1937 431 2002 oi
452 1935 708 2017 κατηγορούμεναι
730 1934 814 2021 apud
838 1953 892 2000 eos
910 1943 1037 2001 tantum
1057 1941 1232 2020 apparent,
1256 1934 1311 2019 qui
1331 1935 1456 2019 antiqui
1472 1953 1590 2002 memo

405 2041 458 2106 nis
482 2041 623 2127 turpiter
645 2040 750 2125 ignari
769 2047 846 2106 sunt
868 2057 926 2126 pro
945 2042 971 2106 ol
991 2039 1185 2123 φεύγοντες,
1209 2046 1247 2104 ut
1270 2039 1482 2115 lucratione,
1508 2059 1590 2127 quae

403 2146 579 2213 Annocinen
598 2154 761 2211 auctorem
782 2146 940 2211 mentitur
963 2145 1000 2210 cle
1023 2143 1182 2231 Mpstcriis
1205 2142 1229 2232 S
1252 2148 1283 2209 6.
1304 2143 1400 2211 verba
1423 2143 1480 2215 ύτε
1505 2147 1588 2226 ὑμᾶς

404 2252 485 2318 πολὺ
517 2248 556 2316 θον
585 2250 663 2328 ἥδιον
688 2251 772 2326 δίκην
805 2251 920 2329 λαβεῖν
945 2249 1034 2332 παρὰ
1067 2256 1126 2316 τῶν
1153 2249 1333 2332 κατηγόρων
1362 2250 1489 2332 sinapio
1514 2257 1585 2316 τῶν

403 2356 747 2438 κατηγορουμένων
783 2354 831 2449 uel
863 2354 930 2421 sola
967 2352 1112 2420 fraudem
1144 2361 1302 2440 retegant.
1362 2353 1515 2422 Dicebant
1541 2354 1584 2420 τα

403 2461 643 2541 κατηγορημένα
657 2469 696 2526 et
717 2460 761 2526 τὰ
781 2458 1055 2542 κατηγορηθέντα,
1087 2457 1183 2545 idque
1204 2462 1309 2546 ipsunt
1333 2459 1480 2524 buetnnus
1500 2456 1583 2524 dixe·

401 2572 454 2633 rat
479 2564 534 2632 sed
558 2565 632 2648 τρύς
655 2565 837 2645 intercidit,
865 2574 903 2631 ut
935 2564 1134 2642 sexcenties,
1162 2565 1201 2632 ob
1231 2564 1345 2650 siglam
1377 2562 1517 2629 librariis
1538 2583 1585 2629 se·

401 2672 569 2759 quioribus
592 2691 654 2737 non
679 2669 896 2738 intellectum:
929 2670 1065 2736 restitue
1087 2671 1160 2753 πρὸς
1190 2669 1267 2737 σύτο
1288 2668 1414 2738 nonani:
1438 2668 1586 2736 similiter

401 2777 436 2842 in
468 2776 586 2842 vicinia
617 2775 646 2866 §
676 2781 729 2842 Ἡ.
754 2776 1019 2856 ἀμβλυώττοντες
1044 2776 1086 2842 τοὶ
1116 2781 1295 2853 τηλικαῦτα
1321 2773 1471 2842 Groeontn
1502 2776 1586 2853 erit,

400 2883 429 2949 si
447 2884 521 2965 σορὸς
542 2882 585 2948 τοὶ
614 2888 794 2957 τηλικαῦτα
816 2897 971 2968 rapollen,
998 2888 1033 2948 ut
1066 2886 1123 2947 λθ.
1153 2888 1182 2948 1.
1218 2882 1418 2961 ἀμβλυώττω
1454 2881 1526 2962 τρὶς
1550 2881 1585 2948 τὸ

399 2995 478 3073 φῶς.
505 2986 568 3053 Sed
587 2985 707 3052 leviora
730 2986 809 3052 baec
832 2994 909 3052 sunt
926 2993 960 3051 et
980 2986 1013 3050 in
1038 2982 1125 3052 aliud
1147 2993 1274 3072 tempus
1292 2985 1491 3072 seponenda:
1518 2994 1585 3052 tur·

399 3092 570 3180 pissimum
596 3090 749 3156 mendum
773 3098 823 3157 est
847 3088 885 3155 ab
912 3089 992 3176 ipsis
1020 3089 1206 3156 Editoribus
1231 3091 1395 3160 invectum
1426 3093 1457 3156 in
1483 3091 1582 3162 libro:

402 3196 558 3275 Quomodo
586 3197 629 3262 sit
651 3195 793 3261 Historia
820 3195 1039 3262 ουυεοοίῠοκθυ
1063 3199 1104 3262 25
1130 3195 1153 3286 S
1175 3200 1228 3264 49.
1253 3195 1306 3262 ubi
1331 3196 1485 3264 historico
1508 3197 1588 3265 haec

397 3309 568 3390 praecepta
599 3310 782 3388 ponuntur:
811 3304 857 3381 μη
885 3302 959 3382 noir
989 3299 1019 3368 ἓν
1036 3302 1126 3384 μέρος
1149 3301 1245 3386 ύρύτὶυ
1259 3351 1268 3380 ,
1294 3337 1339 3350 --
1361 3305 1437 3370 ἀλλ’
1460 3305 1491 3378 ἐς
1515 3305 1588 3379 τοὺς

394 3408 572 3491 τρατηγούς
592 3408 650 3488 μὲν
669 3407 713 3473 τοὶ
736 3412 843 3490 πρῶτα
863 3407 916 3473 καὶ
940 3404 970 3472 εἴ
991 3431 1021 3472 τι
1049 3407 1318 3489 παρεκελεύσαντο
1352 3410 1474 3474 κακεῖνο
1492 3410 1583 3485 οὶκη-

395 3506 552 3584 κούσθυε
576 3514 651 3600 quis
665 3531 820 3599 umquam
838 3509 1010 3578 foediorem
1033 3512 1114 3578 vidit
1132 3512 1310 3580 barbariem
1330 3533 1426 3600 quam
1451 3515 1485 3582 iu
1507 3516 1584 3590 ύκη-

395 3619 535 3688 κούσθωθ
571 3621 724 3698 θκουσμοοι
748 3625 782 3684 et
806 3617 953 3695 ηκούσθην
987 3618 1104 3684 Graeco
1128 3625 1261 3684 suntet
1290 3638 1384 3706 saepe
1419 3620 1582 3706 leguntur.

394 3727 530 3795 Gratum
553 3726 732 3791 Pammene
756 3721 892 3801 leceris,
915 3724 945 3788 si
968 3723 998 3790 ei
1027 3723 1060 3788 in
1086 3723 1152 3790 vita
1182 3721 1326 3791 Marcelli
1346 3745 1415 3812 cap.
1438 3725 1475 3790 V.
1513 3728 1581 3792 ἐπεὶ

392 3833 519 3916 τρισμὸς
548 3830 750 3908 ἠκολούθει
774 3827 871 3909 noir,
890 3829 1069 3895 reddideris
1091 3829 1237 3906 ἠκούσθη,
1260 3829 1442 3896 onditnsest
1469 3831 1583 3897 soricis

394 3944 566 4013 occentus,
591 3955 654 4000 nou
678 3935 871 4021 sequebatur.
919 3933 1008 4000 Nihil
1030 3940 1078 4000 est
1099 3931 1226 3999 facilius
1246 3954 1341 4020 utiam
1368 3935 1491 4004 buerant
1516 3957 1582 4002 ma·

393 4061 473 4110 num
496 4040 676 4106 restituero.
722 4041 760 4105 In
784 4038 948 4106 codicibus
969 4045 1018 4104 est
1036 4037 1219 4113 ούκηκθστω,
1237 4039 1411 4118 ύκύκοστο,
1431 4043 1583 4118 ύκηκούσ·

391 4171 449 4222 το,
472 4146 677 4223 οὶκηκούστω,
711 4149 899 4224 ἦκηκουστο,
924 4152 1087 4210 corrector
1113 4145 1304 4210 temerarius
1329 4146 1458 4214 landem
1494 4147 1582 4214 dedit

393 4254 426 4318 iu
448 4251 573 4318 duobus
595 4251 686 4317 libris
703 4250 899 4327 οὶκηκοθσθον,
919 4248 1017 4336 idque
1030 4250 1177 4338 imperite
1201 4250 1346 4339 probavit
1363 4251 1580 4332 anzsenaus,

393 4378 490 4446 quem
508 4357 625 4422 caeteri
651 4356 775 4422 incauti
793 4363 985 4440 sequuntur.
1033 4354 1068 4419 ln
1097 4354 1282 4434 θκηκόστοο,
1305 4376 1387 4442 quae
1408 4359 1511 4446 prima
1531 4367 1579 4425 est

393 4463 470 4531 mali
497 4462 604 4540 labes,
628 4459 711 4526 male
729 4459 809 4525 latet
830 4479 905 4525 vera
928 4459 1090 4549 scriptura
1118 4462 1298 4538 ακηκοέτω,
1322 4461 1433 4548 quales
1458 4463 1579 4531 formae

392 4567 524 4635 bocauna
552 4576 626 4633 sinn
655 4567 688 4630 in
724 4563 868 4643 deliciis,
887 4573 930 4633 ut
960 4565 992 4630 in
1018 4564 1127 4632 eadem
1157 4566 1180 4656 §
1206 4567 1337 4634 ἐοικέτω.
1372 4568 1446 4634 ibid.
1475 4568 1498 4658 ἓ
1523 4575 1577 4636 te.

391 4674 566 4755 βεβηκέτω.
599 4678 665 4751 bl,
691 4675 743 4737 25.
769 4673 935 4752 κεχηνέτω.
963 4677 1024 4751 70,
1051 4677 1099 4738 17.
1126 4671 1179 4750 ὀξὺ
1204 4673 1375 4758 δεδορκέτω.
1423 4675 1487 4742 llne
1519 4673 1579 4740 ior·
