3767 5717
627 1253 630 1260 '
683 1235 1009 1316 ADDENDA‘E'P
1032 1237 1362 1315 OORRIGENDA.

957 1525 1089 1538 ...υ-

483 1728 726 1798 Observationes
760 1719 1046 1818 Palaeographicae
1081 1725 1144 1792 boc
1174 1718 1315 1812 habens,
1353 1735 1390 1789 ut
1418 1745 1485 1814 quo
1512 1723 1619 1814 plura

435 1835 537 1924 legas,
572 1858 610 1901 eo
638 1833 740 1899 maior
761 1847 938 1908 succrescat
957 1832 1095 1918 indiem
1116 1829 1336 1920 exemplorum
1357 1829 1467 1918 copia,
1489 1829 1619 1921 quibus

437 1939 525 2032 quod
561 1940 773 2024 observaveris
808 1938 987 2004 stabiliatur
1026 1950 1060 2004 et
1092 1939 1318 2016 confirmetur,
1352 1958 1434 2026 quae
1467 1959 1514 2005 res
1540 1948 1618 2001 tam

436 2043 574 2110 iucunda
606 2055 652 2108 est
682 2067 778 2135 quarn
808 2045 914 2125 utilis,
937 2045 1013 2135 quia
1036 2044 1113 2110 binc
1131 2044 1268 2110 maxime
1285 2043 1477 2109 nascitur-in
1495 2040 1618 2108 animis

437 2149 585 2215 humanis
604 2149 639 2213 τὸ
657 2149 875 2228 ἀδαμαντίνως
899 2153 1084 2230 mencietur,
1109 2173 1174 2240 quo
1193 2150 1250 2240 qui
1268 2161 1354 2215 caret
1373 2148 1456 2214 nibil
1473 2169 1619 2236 magno-

413 2247 416 2254 ’
436 2277 512 2346 pere
537 2253 570 2318 in
590 2275 794 2343 quacumque
814 2251 982 2344 disciplina
1005 2266 1060 2321 aut
1079 2256 1140 2321 sibi
1158 2256 1301 2348 proderit
1320 2267 1376 2322 aut
1394 2255 1473 2321 aliis.
1520 2255 1617 2322 Boua

436 2383 509 2451 pars
538 2381 669 2438 eorum,
703 2381 785 2450 quae
810 2359 1011 2450 scripsimus,
1035 2359 1220 2428 huiusmodi
1240 2373 1308 2441 est,
1330 2373 1367 2428 ut
1384 2384 1421 2426 ea
1440 2361 1620 2452 unusquis-

437 2488 520 2556 que,
553 2465 610 2555 qui
636 2465 757 2531 discere
791 2465 887 2545 velit,
910 2466 1010 2556 possit
1028 2465 1112 2531 inter
1132 2465 1304 2556 legendum
1324 2466 1414 2531 noris
1432 2465 1617 2532 identidem

438 2571 592 2660 exemplis
619 2584 651 2636 et
678 2555 867 2638 testimbniis
896 2573 1040 2650 munire,
1074 2584 1107 2638 et
1133 2595 1171 2638 er
1196 2570 1474 2637 emendationibus
1496 2570 1615 2638 uostris

438 2697 536 2740 noras
563 2675 680 2743 elicere
709 2689 741 2742 et
776 2699 886 2754 eruere
914 2699 952 2742 ex
986 2678 1050 2744 illis
1077 2677 1176 2756 locis,
1208 2676 1264 2745 ubi
1284 2675 1370 2742 idem
1395 2675 1508 2742 vitium
1530 2676 1614 2743 la‘tct

437 2779 552 2847 eodem
570 2778 668 2845 modo
689 2793 798 2847 natum
819 2793 851 2846 ct
872 2779 983 2847 eadem
1003 2794 1090 2848 certa
1108 2780 1265 2848 medicina
1285 2780 1472 2847 sanandum.
1509 2781 1616 2866 Quem

439 2887 479 2952 sit
508 2886 570 2952 lroc
599 2909 710 2952 rerum
739 2887 806 2978 ipse
834 2887 979 2977 quotidie
1006 2889 1161 2979 experior.
1209 2886 1244 2954 Si
1273 2886 1352 2978 quid
1373 2887 1469 2954 datur
1492 2887 1550 2951 otii
1571 2886 1615 2952 ad

438 2991 590 3082 legendos
607 3004 640 3056 et
653 2990 840 3082 relegendos
856 2994 1025 3083 scriptores
1037 2994 1189 3071 Graecos,
1201 3005 1232 3060 et
1247 2992 1452 3060 excutiendas
1464 2990 1615 3057 codicum

439 3096 611 3175 lectiones,
631 3109 663 3162 et
682 3095 894 3187 inspiciendas
906 3099 1092 3190 Principum
1104 3097 1295 3165 (iriticorum
1307 3097 1613 3175 animadversiones,

344 3287 348 3296 ι
439 3226 522 3269 nora
552 3224 678 3291 semper
705 3200 809 3265 affluit
834 3201 983 3267 materies
1011 3214 1067 3267 aut
1087 3223 1240 3268 novarum
1262 3203 1533 3279 observationum,
1557 3213 1616 3266 aut

440 3306 658 3397 exemplorum
687 3303 727 3370 ad
744 3316 874 3371 ‘reteres
895 3306 1063 3374 ornandas.
1110 3307 1184 3374 Non
1204 3309 1279 3375 setis
1299 3321 1367 3386 est,
1391 3310 1417 3374 si
1438 3307 1513 3400 quid
1534 3329 1611 3397 per·

439 3413 543 3506 polire
572 3413 668 3492 velis,
699 3423 751 3492 et,
775 3423 811 3476 ut
835 3410 892 3477 illc
914 3412 1060 3494 dicebat,
1083 3416 1138 3479 οὐκ
1159 3411 1238 3480 εἶναι
1263 3419 1324 3480 τῶν
1349 3414 1501 3493 ἐμούντων
1522 3411 1613 3478 ἀλλὰ

439 3521 499 3586 τῶν
535 3517 759 3601 ἀκριβούντων,
795 3517 951 3586 Heremo
976 3542 1088 3610 parere
1115 3519 1236 3609 optime
1262 3519 1409 3585 monenti
1431 3531 1464 3586 et
1491 3540 1614 3584 nonum

414 3677 415 3682 ι
439 3647 585 3717 premere
611 3627 645 3690 in
665 3646 785 3690 annum
804 3624 892 3714 quod
912 3624 1007 3691 cdere
1028 3647 1137 3715 pares,
1162 3647 1235 3692 narn
1254 3623 1322 3690 dies
1341 3623 1427 3691 diem
1447 3624 1560 3702 docet,
1581 3634 1614 3688 et

440 3732 538 3797 etiam
560 3730 586 3795 si
607 3752 716 3796 rerum
736 3741 783 3795 est
805 3741 837 3796 et
859 3741 983 3796 certum
1005 3729 1092 3820 quod
1112 3730 1289 3821 scripseris,
1309 3742 1415 3796 temen
1435 3751 1613 3820 numquam

439 3837 508 3905 fere
526 3835 576 3901 his
595 3834 789 3926 argumentis
810 3833 1021 3901 demonstrari
1040 3846 1072 3899 et
1089 3833 1241 3922 exemplis
1257 3835 1376 3901 muniri
1389 3846 1512 3925 potest,
1533 3856 1615 3925 quae

440 3967 506 4010 non
534 3940 709 4032 aliquando
739 3940 877 4008 debeant
907 3941 1022 4030 corrigi
1053 3951 1085 4004 et
1116 3938 1267 4028 suppleri.
1314 3939 1352 4004 ln
1380 3963 1414 4006 re
1443 3938 1562 4006 Critica
1582 3950 1616 4005 et
1665 3973 1669 3982 ·

440 4036 726 4138 Palaeographica,
759 4047 862 4112 sicubi
892 4047 990 4127 alibi,
1020 4046 1114 4113 futile
1140 4056 1193 4110 est·
1213 4047 1318 4111 omnia
1338 4046 1503 4112 exhaurire
1522 4045 1616 4117 velle.

443 4154 523 4239 Quia
544 4152 624 4218 haec
643 4151 833 4217 doctissimis
850 4175 981 4243 quoque
997 4151 1133 4242 legenda
1148 4162 1181 4216 et
1197 4150 1400 4217 diiudicanda
1417 4153 1616 4223 scribuntur,

441 4260 612 4330 resecanda
643 4270 717 4326 sunt
746 4259 875 4338 omnia,
908 4281 991 4350 quae
1021 4257 1139 4324 eruditi
1169 4256 1316 4325 homines
1346 4270 1401 4324 ant
1426 4281 1536 4324 omnes
1560 4267 1616 4322 aut

441 4368 589 4462 plerique
616 4366 739 4432 dudum
763 4378 839 4432 nota
860 4376 892 4430 et
911 4375 1077 4454 perspecta
1095 4363 1233 4442 babent,
1256 4377 1289 4430 et
1311 4365 1344 4431 in
1362 4364 1515 4454 exemplis
1533 4383 1616 4454 quo·

443 4475 506 4566 que
538 4473 708 4562 diligenter
734 4469 848 4537 modus
882 4480 929 4534 cst
962 4467 1182 4548 adhibendus,
1218 4480 1255 4535 ut
1284 4470 1370 4535 acuti
1398 4483 1430 4535 et
1460 4467 1617 4559 ingeniosi
1654 4525 1660 4534 .

442 4582 572 4648 iuvenes
590 4578 652 4670 ipsi
670 4577 747 4656 alia,
765 4597 1012 4666 nonnumquam
1026 4586 1058 4641 et
1072 4574 1205 4640 meliora
1221 4587 1253 4641 et
1270 4574 1458 4664 insigniora,
1476 4574 1616 4665 reperire

442 4685 564 4781 possint
595 4697 627 4752 et
653 4694 818 4776 propterea
849 4705 914 4750 non
944 4681 1118 4749 illubenter
1146 4680 1347 4772 conquirant.
1395 4679 1478 4748 Sunt
1507 4689 1613 4746 tamen
