3767 5717
946 599 1012 666 326

393 810 458 868 σοι
472 796 844 865 Patrono-Pacorum
865 816 908 862 te.
925 795 980 859 72.

495 969 499 976 ,
526 904 571 982 μή
593 906 691 981 μιμοῦ
715 900 895 979 κακότητα,
920 898 1002 982 Δι’κη
1025 899 1051 963 δ’
1074 898 1249 980 ἰέπθλειψον
1273 897 1415 981 ἄμυναν,

394 1009 469 1100 quia
496 1007 578 1074 nihil
607 1020 655 1073 est
681 1020 747 1074 tam
771 1007 921 1074 titionum
942 1017 998 1072 aut
1015 1004 1178 1094 ineptum,
1207 1005 1370 1095 quod-isti
1391 1029 1456 1074 non
1477 1007 1567 1077 dixe·

393 1116 476 1196 rint,
499 1127 535 1182 ut
558 1115 634 1180 alias
654 1093 889 1182 (lemonstrabo.
924 1111 1026 1196 Quam
1047 1111 1160 1176 crebro
1179 1117 1293 1192 λεῖψαι
1313 1124 1346 1180 et
1364 1123 1565 1197 καταλεῖψαι

394 1233 427 1290 ot
453 1223 630 1302 ἀπαλεῖψαι
661 1233 753 1286 caetu
781 1220 918 1285 dixerint
947 1217 1152 1285 semibarbari
1180 1216 1329 1284 Graeculi
1354 1213 1502 1289 Loutcn.
1525 1220 1566 1288 ad

393 1328 519 1396 Porro.
538 1350 570 1416 p.
590 1329 656 1392 713
677 1348 746 1417 sqq.
767 1325 892 1404 docuit,
916 1347 954 1390 ex
973 1347 1038 1415 quo
1060 1321 1156 1390 simul
1175 1323 1336 1414 intelliges
1357 1347 1568 1419 quamsaepe

373 1432 508 1500 'eadem
531 1433 604 1499 labe
628 1445 749 1499 totores
772 1432 952 1498 infecerint.

439 1537 478 1604 ln
494 1541 553 1614 et,
572 1545 610 1617 8,
629 1541 659 1603 2.
682 1538 794 1603 εἴκοσιν
814 1535 895 1608 ὅλοις
919 1534 1020 1600 ἔτεσιν
1045 1534 1255 1615 ἑταιρήσασα,
1281 1533 1411 1602 Veteres
1430 1535 1491 1602 έλα
1514 1537 1569 1617 έπη

394 1656 433 1727 et
446 1665 521 1710 mor
540 1666 597 1732 pro
617 1643 668 1708 δια
688 1647 808 1723 μακροῦ
830 1640 880 1705 illi
901 1640 952 1704 tot
970 1637 1090 1719 χρόνον.
1105 1664 1110 1674 ·
1128 1641 1181 1716 67,
1201 1643 1237 1721 9,
1257 1646 1287 1706 5.
1306 1641 1568 1723 διασκεδάσομεν,

395 1748 498 1816 attici
526 1748 754 1824 διασκεδῶμεν,
790 1757 822 1811 at
852 1767 947 1833 caepe
977 1742 1147 1810 Lucretius
1177 1743 1299 1818 ἐλασω,
1323 1746 1569 1828 θναβιβθσομαι

396 1866 431 1922 ct
451 1854 520 1920 aim.
540 1864 682 1941 usurpat.
714 1856 768 1930 67,
787 1855 845 1929 15,
862 1855 895 1918 2.
916 1849 1048 1925 Οἰνοέα,
1075 1849 1173 1914 Attici
1190 1852 1304 1926 Οἶνοῖι,
1326 1861 1363 1920 ut
1375 1857 1530 1918 Λευκονοεῖ
1543 1866 1570 1930 ¹,

396 1960 544 2039 Στειριῖι,
565 1960 695 2034 Μηλιᾶ,
718 1957 850 2034 Εὐβοῖι,
876 1957 989 2026 Κιτιεῖ,
1017 1954 1077 2020 alia
1096 1955 1273 2044 permulta,
1291 1977 1374 2046 quaa
1394 1977 1569 2046 numquam

396 2066 468 2132 iore
486 2064 643 2128 intentata
662 2060 812 2126 Graeculi
832 2060 1033 2150 relinquunt.
1080 2057 1199 2126 Sanam
1219 2060 1354 2126 formam
1373 2074 1405 2128 et
1428 2063 1573 2156 analogia

399 2172 505 2238 Attica
541 2177 679 2257 praestat
713 2178 746 2231 et
775 2167 925 2256 antiquae
957 2166 1157 2255 corruptelae
1184 2177 1218 2232 et
1247 2173 1414 2257 politanum
1444 2169 1508 2235 loci
1539 2183 1573 2238 et

399 2274 688 2343 Grammaticorum
720 2274 903 2339 auctoritas.
957 2273 1164 2340 incunctatus
1191 2271 1363 2342 Dtsccnus
1394 2276 1436 2342 de
1463 2278 1571 2350 Pron.

397 2406 431 2472 p.
453 2384 516 2446 126
538 2379 646 2444 Bm.
669 2379 807 2443 Ἀττικοὶ
829 2379 958 2456 Εὐβοᾶς
982 2377 1102 2460 φασίν,
1124 2389 1157 2443 at
1177 2401 1242 2445 non
1267 2380 1301 2445 in
1323 2378 1424 2446 codd.
1446 2385 1571 2452 nostrie.

397 2485 542 2564 Εὐβοέας
572 2485 789 2551 Tauctntnna
807 2482 905 2552 habet
927 2482 1057 2550 tuat.
1079 2497 1111 2551 et
1130 2485 1224 2565 alibi,
1245 2500 1277 2553 et
1298 2487 1480 2554 uotorum
1499 2511 1574 2556 cae·

398 2590 534 2680 torique.
568 2589 672 2655 Pauca
692 2610 779 2654 nunc
797 2610 834 2653 cx
855 2587 1025 2654 Ausculta
1045 2587 1171 2656 addam.
1193 2592 1226 2656 in
1249 2592 1573 2680 Timarcheo§114.
1674 2625 1679 2631 ·

400 2694 582 2771 Φιλωτάδην
610 2696 663 2760 τὸν
686 2695 918 2769 Κιιδαθηναιέα,
946 2691 1027 2760 cod.
1055 2693 1078 2759 f.
1102 2695 1309 2772 κυδαθηναια,
1335 2696 1366 2762 b.
1384 2699 1573 2778 κνθαθηνέα,

401 2821 512 2867 terum
539 2811 587 2864 est
614 2800 828 2874 Κυδαθηναιᾶ,
861 2799 901 2864 de
924 2799 965 2866 F.
984 2800 1024 2866 L.
1047 2802 1064 2885 §
1085 2803 1140 2864 67.
1157 2797 1289 2882 Ἑρχιέα
1309 2803 1378 2892 lege
1396 2805 1511 2886 Ἐρρηιοῖ
1542 2818 1575 2872 et

401 2907 657 2999 §935ssoetrttto'e
684 2916 716 2970 ct
738 2907 756 2987 §
779 2906 854 2969 116.
877 2907 1033 2986 Ἐρετριᾶ,
1069 2903 1177 2970 (lodex
1202 2928 1220 2971 e
1246 2908 1376 2988 ε’ρετρία.
1404 2913 1473 2995 ct§
1498 2915 1573 2979 155.

399 3013 554 3092 Κηφισιᾶ.
577 3008 634 3074 ubi
655 3006 756 3076 codd.
776 3008 935 3091 Κηφισέα.
967 3008 1002 3072 in
1024 3007 1170 3100 Ctesipk.
1191 3014 1286 3098 §100
1305 3012 1375 3102 lege
1394 3001 1572 3098 Ἐρετριῶν,

401 3114 480 3183 God.
500 3137 534 3180 κ.
552 3113 701 3194 έρετρθον.
733 3116 751 3197 §
776 3117 848 3179 195.
868 3112 972 3180 scribe
993 3120 1136 3197 Στειριοῖ,
1159 3115 1339 3208 similiaque
1361 3120 1466 3186 omnia
1484 3119 1573 3185 simi-

400 3221 478 3287 lite'n
500 3229 575 3283 sunt
598 3216 794 3306 corrigenda.
957 3289 959 3294 ,

447 3322 487 3388 ln
507 3327 567 3400 68,
588 3327 640 3386 44.
663 3323 677 3386 ὃ
701 3323 804 3404 ἰατρὸς
834 3322 1045 3400 μετακληθεὶς
1071 3325 1109 3397 ὥς
1134 3327 1369 3404 ἐπισκοπήσειεν
1393 3327 1501 3403 αιἰτθν,
1537 3331 1572 3395 in

401 3429 451 3497 hio
472 3428 574 3496 verbis
592 3427 642 3493 bia
661 3438 813 3517 peccatur
829 3438 940 3492 contra
959 3427 1088 3516 linguae
1107 3431 1219 3497 veteris
1238 3454 1340 3498 usum.
1365 3443 1574 3501 Μεπακαλεῖν

401 3533 562 3604 veteribus
582 3544 629 3598 eat
648 3555 820 3611 revocare,
839 3555 904 3603 non
920 3555 1111 3616 arcessere,
1130 3537 1217 3626 quod
1234 3539 1501 3618 μεταπέμπεσθαι
1520 3549 1574 3608 out

401 3650 512 3708 καλεῖν
539 3639 588 3706 illi
611 3637 778 3716 dicebant,
801 3636 918 3703 deinde
938 3660 1034 3706 nemo
1055 3641 1133 3706 olim
1157 3641 1283 3707 dicebat
1301 3643 1499 3720 ἐπισκοπήσω
1522 3642 1573 3711 rel

401 3745 616 3822 ε’πεσκθπησα.
664 3744 807 3812 Postulat
835 3766 910 3810 usus
939 3756 976 3809 ut
995 3747 1224 3826 ε’πισκοποῦμαι
1246 3747 1372 3812 dicatur
1391 3760 1423 3814 at
1445 3749 1575 3815 ἐπεσκο-

401 3850 545 3930 τνθμην,
581 3858 826 3938 nonnumquam
854 3860 886 3914 et
913 3850 1091 3925 ἐπισκοπῶ,
1126 3850 1317 3919 ἐπεσκθνιοιιν
1347 3858 1495 3918 νοσοῦντα
1523 3856 1575 3922 tel

402 3956 608 4032 ἀσθενοῦντα,
626 3953 681 4020 sed
701 3954 914 4035 ἐπισκέψομαι
934 3963 967 4017 et
984 3954 1225 4036 ἐπεσκεψάμην,
1245 3956 1359 4046 spretio
1379 3957 1490 4024 formis
1506 3961 1574 4025 ε’πι-

402 4059 548 4135 σκοπήσω
587 4069 621 4124 ct
657 4059 932 4136 Enterocelarum,
978 4059 1183 4136 ε’πεσκέπησα
1222 4073 1255 4127 et
1295 4063 1572 4143 έπεσκοπησνέμην.

403 4162 557 4252 Exempla
587 4162 806 4252 pasoim'soot
834 4161 928 4228 obvia
956 4175 987 4227 at
1015 4165 1144 4256 proprie
1168 4165 1247 4233 haec
1274 4168 1426 4236 dicuntur
1451 4168 1491 4235 de
1515 4192 1572 4250 eo,

402 4272 464 4358 qui
490 4277 718 4359 aegrotantem
740 4272 823 4333 visit
849 4268 914 4335 sive
939 4268 1083 4336 medicus
1107 4273 1172 4340 site
1191 4274 1310 4340 amicus
1331 4286 1379 4342 est
1397 4275 1439 4341 ad
1460 4298 1576 4348 curan·

437 4535 458 4603 ¹)
475 4537 577 4590 Nomen
595 4525 644 4588 τοῦ
665 4537 754 4602 δήμου
772 4543 809 4589 est
825 4537 1004 4602 Λενκόνονον,
1023 4555 1074 4592 non
1094 4543 1249 4612 Λευκονόνρ,
1268 4545 1306 4613 (ut
1323 4548 1454 4600 Dmuoan.
1472 4549 1578 4613 suspice·

403 4631 444 4674 tur
466 4625 500 4676 ud
521 4625 662 4677 Horcon.
686 4638 710 4672 ν.
728 4622 909 4690 Λευκονοεύς)
925 4626 993 4692 quod
1014 4629 1142 4692 apparebit
1160 4644 1173 4680 e
1191 4629 1288 4682 Sanan.
1308 4632 1374 4682 Bra.
1392 4649 1417 4682 v.
1437 4628 1578 4699 Ἀβρότο-

403 4727 466 4770 νον,
484 4709 506 4758 ci
523 4723 569 4773 pro
585 4706 754 4764 Λευκονοεύς
771 4706 860 4773 (Gonu
877 4709 1064 4776 Λευκονοεύς)
1080 4704 1420 4772 ονιισιιᾱσίιίεᾞΛειικονσεές.
