3767 5717
860 638 924 701 251
996 646 1005 653 '

302 834 355 901 ael
376 832 661 919 emerentianam
685 832 738 897 καὶ
767 801 962 913 διιμοκρατέα
988 810 1142 910 βέβαιος,
1165 824 1296 895 haerent
1314 849 1424 897 omnes
1442 827 1477 893 in

302 937 420 1011 παντες
450 941 477 1005 οῖ
504 940 609 1020 νέμοι,
644 942 822 1008 Burunnus
851 938 960 1005 πάντα
983 939 1010 1003 οῖ
1034 936 1119 1014 νέμοι
1148 933 1323 1001 admodum
1353 934 1478 1001 infelici

301 1045 494 1111 coniectura.
537 1046 699 1112 Excidisse
730 1046 873 1135 suspicor
901 1054 977 1109 aute
1005 1041 1059 1106 καί
1083 1029 1158 1109 sto-1
1177 1054 1210 1108 et
1229 1042 1401 1131 legendum
1421 1042 1475 1107 καῖ

251 1224 254 1227 ,
301 1148 419 1222 παντες
457 1152 483 1215 oi
522 1150 606 1229 νέμοι
641 1152 734 1233 κύριοι
772 1151 826 1217 καὶ
861 1146 1021 1228 έλευέερέα
1059 1148 1182 1229 σαφές.
1227 1146 1411 1213 discurras
1437 1151 1476 1212 ιὀι

303 1254 517 1323 Timarchum
536 1263 553 1346 §
570 1261 623 1323 36.
642 1257 696 1322 ε’ἀν
716 1258 773 1335 μέν
796 1256 858 1336 pap
880 1251 1036 1333 κολάζητε
1057 1251 1130 1322 τοὺς
1148 1252 1332 1322 ἀδικοῦντας
1352 1249 1476 1317 ἔσονται

302 1360 375 1439 ὑμῖν
402 1363 427 1427 οῖ
448 1362 531 1441 νέμοι
555 1362 645 1427 καλοὶ
670 1361 723 1426 καῖ
747 1361 859 1441 κύριοι,
885 1358 938 1422 έάν
962 1356 988 1420 δ’
1010 1354 1131 1431 ἀφέντε
1156 1355 1247 1420 καλοῖ
1269 1354 1359 1434 μόνον
1382 1354 1476 1437 κύριοι

303 1464 330 1528 δ’
368 1466 486 1545 οὐκέτι,
521 1466 578 1531 ubi
606 1465 743 1556 eleganti
771 1477 804 1530 et
836 1473 968 1529 venusto
1003 1458 1128 1525 homini
1157 1458 1256 1525 redde
1288 1459 1379 1525 καλοῖ
1419 1462 1478 1538 μὲν

305 1568 398 1651 κύριοι
429 1572 455 1636 δ’
489 1572 602 1637 οὐκέτι.
653 1570 746 1655 Quod
778 1570 813 1635 in
845 1575 862 1658 §
892 1570 942 1634 17.
977 1565 1094 1653 legitur
1114 1566 1145 1630 έν
1169 1566 1346 1646 δφέαλμοῖς
1373 1564 1503 1647 δείξαςι

303 1673 346 1737 τὰ
380 1674 531 1756 φίλτατα
560 1679 683 1759 οἰκτρῶς
717 1675 905 1758 προκείμενα
937 1684 1149 1738 attrectarunt
1178 1670 1301 1737 librarii
1336 1669 1394 1758 qui
1426 1671 1478 1735 τὸν

304 1777 462 1860 φίλτατον
486 1782 681 1861 προκείμενον
701 1804 759 1871 pro
779 1802 833 1845 sua
857 1778 1012 1868 sapientia
1035 1777 1275 1867 rescripserunt.
1321 1774 1414 1842 Nihil
1433 1787 1482 1843 est

305 1883 418 1948 atticis
449 1884 552 1951 tritius
580 1908 677 1976 quarn
706 1898 741 1951 nt
766 1888 949 1951 carissima
968 1888 1085 1975 capita
1103 1882 1301 1964 liberorum,
1326 1904 1480 1961 urorum,

303 2004 475 2080 parentum
494 1991 537 2055 τα
561 1992 711 2071 φίλτατα
727 1991 856 2069 dicant,
874 1991 1061 2081 praesertim
1080 1990 1114 2055 in
1131 1991 1326 2057 imminentis
1344 1991 1480 2081 periculi

303 2107 358 2161 aut
378 2096 465 2161 exitii
484 2095 655 2162 mentione.
696 2096 780 2162 Hinc
811 2096 889 2161 olim
917 2097 1094 2187 suspicatus
1112 2118 1181 2161 sum
1204 2096 1368 2162 emendari
1387 2120 1482 2188 posse

305 2203 412 2268 locum
445 2201 478 2267 in
506 2201 715 2292 Epitaphio,
749 2203 806 2292 qui
827 2202 950 2269 Lrslru
980 2202 1113 2268 nomine
1133 2202 1372 2284 circumfertur,
1400 2216 1482 2272 orat.

305 2307 349 2374 ll.
383 2315 401 2397 §
431 2312 473 2372 35
500 2308 526 2371 ol
559 2308 730 2385 μέλλοντες
762 2311 984 2388 ναυμαχήσειν
1018 2309 1093 2389 ὑπὲρ
1122 2316 1178 2381 τιῖς
1206 2310 1377 2392 φιλότητος
1408 2311 1483 2391 ὑπὲρ

304 2419 364 2478 τῶν
390 2412 491 2477 ἀέλιον
509 2413 569 2476 τῶν
591 2414 622 2476 έν
643 2421 807 2491 Σαλαμῖνι
828 2432 970 2502 namque
990 2410 1163 2503 legendum
1185 2415 1260 2494 ὑπέρ
1283 2421 1343 2479 τῶν
1361 2414 1484 2494 φιλτά-

192 2534 195 2539 ’
307 2540 367 2581 ταν
390 2522 449 2581 τῶν
471 2519 502 2581 ἐν
529 2524 691 2594 Σαλαμῖνι
719 2540 834 2607 nempe
857 2517 939 2581 nihil
960 2516 1060 2605 magia
1080 2515 1325 2582 fortissimorum
1346 2518 1487 2586 virorum

306 2621 430 2687 animos
453 2620 591 2709 angebat
617 2642 713 2709 quarn
739 2619 761 2686 ἀ
787 2624 844 2688 ὑπὸ
866 2628 925 2686 τῶν
949 2620 1120 2702 βαρβάρυν
1141 2621 1385 2701 εὐτυχησάντων
1413 2626 1486 2699 τοὺς

205 2776 207 2787 ,
306 2727 535 2799 ὑπεκτεθέντας
570 2726 698 2808 ἤλπιζον
732 2727 905 2791 πείσεσθαι.
941 2725 1171 2816 compendium
1203 2726 1287 2792 male
1321 2728 1496 2817 expletum

306 2831 478 2914 φιλότατος
508 2829 652 2921 peperit,
676 2829 794 2929 deiude
815 2828 952 2895 absurda
972 2830 1070 2896 lectio
1095 2844 1213 2898 temere
1235 2843 1283 2898 est
1302 2833 1488 2916 incrustata,

306 2936 345 3003 ln
366 2941 383 3025 §
404 2938 455 3002 ll.
475 2936 546 3024 lege
563 2932 653 3016 ἀλλα
674 2960 717 3017 τῳ
741 2934 842 3017 τρόπῳ
865 2958 929 2999 non
950 2936 1005 3017 τῷ.
1029 2942 1047 3025 §
1071 2940 1103 3002 2.
1126 2937 1221 3010 εἴτις
1245 2940 1340 3012 αὐτὸς
1362 2941 1420 3018 μὲν
1439 2943 1485 3020 μή
1582 3006 1586 3011 ,

306 3066 365 3133 pro
388 3041 416 3106 εῖ
437 3064 485 3112 τις
506 3040 551 3119 μέν
578 3040 672 3111 αὐτὸς
696 3040 771 3119 μέν,
798 3051 830 3106 et
849 3062 997 3131 expungo
1018 3041 1112 3108 αὐτόν
1135 3044 1241 3133 poetd
1266 3042 1367 3123 νόμος.
1389 3048 1408 3130 §
1433 3050 1484 3116 15.

194 3136 199 3151 ’
306 3148 377 3239 lege
399 3146 564 3226 παρέδωκα
587 3167 646 3233 pro
670 3146 833 3211 ἀπέδωκα.
876 3180 885 3189 -

350 3254 389 3320 lu
411 3251 575 3319 Abdicato
594 3254 655 3330 29,
676 3258 707 3319 ὅ.
729 3251 800 3341 lege
821 3251 1013 3334 ἀμυναμένῳ
1028 3276 1088 3342 pro
1105 3252 1288 3336 ἀμυνομένῳ
1308 3266 1341 3321 et
1360 3251 1482 3340 έσοιπερ

306 3356 386 3436 ἦσαν
408 3355 521 3438 χρνςοέ
539 3377 598 3445 pro
617 3354 679 3421 ὅσοι
700 3363 864 3437 παρῆσανε
893 3369 1009 3421 contra·
1031 3360 1066 3423 in
1084 3358 1273 3424 Hellenice‘s
1293 3360 1364 3427 Vll.
1385 3382 1409 3429 1.
1429 3367 1483 3431 21.

305 3463 427 3541 έσοιπερ
451 3456 529 3535 ἦσαν
551 3459 670 3538 editur,
696 3457 758 3525 έσοι
785 3468 929 3541 παρῆσαν
951 3462 1133 3551 requiritur.
1167 3466 1185 3547 §
1206 3468 1238 3529 6.
1261 3465 1317 3539 τέιν
1342 3477 1484 3543 γυναῖκα

306 3567 445 3651 ᾤκτειρον
470 3564 563 3641 ἀξίαν
590 3560 700 3638 οὖσαν,
734 3565 800 3630 imo
831 3588 906 3629 rcro
934 3565 1070 3643 ἀναξίαν
1092 3564 1186 3632 οὖσαν
1214 3579 1246 3632 et
1276 3590 1335 3657 pro
1358 3570 1481 3651 πάσχει

237 3676 239 3689 “
305 3674 363 3754 μὲν
392 3670 517 3745 σύνηθες
542 3678 607 3741 τοῖς
637 3670 840 3749 λυπουμένοις
870 3671 999 3760 requiro
1025 3672 1062 3736 τὸ
1085 3671 1222 3747 σύνηθες.
1268 3676 1287 3758 §
1313 3678 1360 3741 10.
1390 3675 1484 3755 ἀπαξ

286 3771 634 3855 1ρἐγένννκας.ο’έπα1ἷ
658 3773 889 3855 ἀνατέτραφας.
925 3776 958 3839 iu
988 3775 1151 3865 plerisque
1180 3775 1271 3843 libris
1298 3792 1344 3844 est
1366 3782 1482 3867 ἀνατέ-

306 3884 453 3960 τραφας,
484 3899 582 3967 qoam
604 3877 748 3945 vitiosam
773 3877 910 3947 formam
935 3880 1085 3947 Graeculi
1102 3881 1253 3949 invehere
1272 3886 1375 3950 solent
1394 3898 1426 3951 et
1448 3887 1482 3953 in

307 3982 371 4053 hoc
400 3981 496 4049 verbo
525 3995 557 4049 et
587 3984 710 4074 saepius
736 3982 770 4049 in
794 3986 997 4067 ἀνατρέπειν,
1022 3986 1109 4051 unde
1127 3987 1382 4077 apud.·0ratores
1404 3992 1484 4059 sub·

306 4087 384 4155 inde
404 4100 436 4152 et
457 4087 535 4155 alios
555 4091 767 4172 ἀνατέτραφα
784 4089 917 4179 legitur,
943 4092 1031 4181 quod
1048 4092 1161 4158 vitium
1177 4094 1321 4187 undique
1340 4099 1484 4165 eximen-

304 4194 397 4264 dum.
430 4193 514 4259 Male
534 4194 686 4260 Dinoonr
705 4195 738 4261 in
758 4195 1008 4263 Druosrnnnrrr
1030 4222 1062 4288 p.
1084 4202 1163 4279 324,
1184 4204 1236 4266 28.
1260 4205 1482 4287 ἀνατετραφέ-

305 4325 360 4374 τες
382 4301 503 4391 recepit
524 4322 560 4366 er
581 4324 645 4366 uno
664 4301 796 4367 caeteris
817 4304 952 4369 meliore
976 4304 1125 4394 quidem,
1158 4307 1214 4372 sed
1238 4308 1288 4374 rel
1309 4308 1354 4373 sio
1374 4321 1480 4375 tamen

304 4406 523 4484 vitiosissimo,
557 4418 588 4471 et
611 4409 746 4472 anrtnn
770 4408 804 4473 in
829 4408 1060 4477 Timarcheom
1087 4414 1107 4497 §
1131 4416 1195 4478 190
1216 4414 1482 4494 ἀνατετροφότας

307 4523 340 4579 et
360 4513 393 4577 in
417 4510 725 4604 Glesaphonteom§
750 4516 812 4581 158
833 4516 1100 4598 ἀνατετραφέτα,
1126 4517 1212 4608 apud
1229 4517 1437 4584 Druencuuu
1455 4518 1482 4586 1.
1502 4520 1507 4530 “

308 4618 327 4701 §
348 4620 390 4683 30
405 4619 627 4701 ἀνατέτραφεν
643 4629 790 4709 apparet,
810 4630 843 4685 et
860 4621 878 4704 §
899 4622 961 4684 108
981 4622 1023 4693 εἷς
1039 4622 1095 4695 τέιν
1110 4621 1255 4703 κεφαλὴν
1271 4622 1356 4703 αὐτῷ
1371 4623 1484 4706 τέτρα-
1578 4663 1584 4668 ·

304 4725 369 4803 φεν
386 4734 421 4788 et
430 4721 487 4789 tlt
504 4726 553 4809 §t
572 4724 819 4807 ἀνυτετραφιές.
841 4746 923 4814 quae
941 4724 1048 4791 omnia
1062 4725 1246 4815 retingenda
1264 4726 1395 4795 suntad
1412 4750 1483 4796 eam

1223 4831 1279 4883 ro*
