3767 5717
909 571 920 584 ’
973 577 1040 645 264

457 780 495 849 lu
518 778 597 848 Iove
616 777 791 869 Tragoedo
810 779 872 856 44,
893 782 922 844 8.
942 774 1052 853 ὀλίγον
1068 765 1137 840 ἐσσι
1151 781 1204 840 σοῦ
1220 781 1337 857 χρυσοῦ
1354 775 1588 856 άποςθλβονσες

409 891 450 963 ὣς
475 887 701 967 ἐπικεχρῶσθαι
727 883 779 947 καῖ
808 880 1030 959 ἐπκλυχάσθαι
1059 881 1168 959 μάνου,
1202 880 1289 946 aliud
1321 903 1416 970 agens
1446 883 1594 952 Pitanem.

410 1009 472 1062 ttus
500 992 539 1058 ad
570 991 753 1056 Motttttuutt
776 1012 806 1079 p.
837 991 910 1054 163.
936 987 1173 1055 commendarit
1196 987 1417 1066 ἕπκλυχάσθαι
1439 1012 1497 1078 pro
1518 993 1586 1055 ἐπι·

408 1098 604 1180 λυχάζεσθαι
632 1107 664 1160 et
690 1117 748 1185 pro
775 1094 953 1184 splendore
974 1095 1086 1160 offudit
1108 1095 1295 1181 caliginem.
1329 1090 1414 1180 Lege
1438 1092 1585 1172 ἐπαυγά-

409 1206 527 1288 ζεσθαι.
559 1199 669 1268 Godex
686 1208 723 1264 M
741 1222 800 1290 pro
812 1202 1039 1279 ἐπικεχρῶσθαι
1056 1200 1145 1264 affert
1156 1196 1397 1262 memorabilem
1413 1198 1582 1263 lectionem

410 1305 647 1388 ἐπικεχράνθαι.
680 1305 864 1385 Χραῖνεσθαι
881 1315 913 1367 et
932 1305 1168 1386 ε’πιχροάνεσθαι
1188 1325 1246 1393 pro
1265 1305 1414 1368 colorari
1430 1303 1583 1369 diceban-

409 1425 464 1479 tur
482 1411 578 1488 olim,
597 1408 747 1476 Graeculi
768 1409 842 1498 quia
860 1406 949 1473 hune
969 1430 1062 1474 usum
1082 1408 1270 1497 ignorabant
1292 1406 1384 1473 solita
1407 1409 1583 1474 temeritate

409 1517 498 1584 aliud
519 1515 598 1606 quid
616 1515 657 1580 de
672 1537 731 1580 suo
752 1514 997 1580 substituebant.
1020 1514 1157 1606 insignis
1177 1527 1224 1580 est
1242 1514 1423 1580 emendatio
1441 1515 1586 1580 Beneutr

410 1625 444 1690 in
468 1623 713 1692 Armrorntms
735 1619 925 1685 Ecclesmz.
950 1624 1004 1686 64.

680 1727 885 1810 ε’χλιαινόμνν
909 1727 1013 1794 ἓςῶσα
1036 1729 1108 1810 πρὸς
1132 1728 1184 1794 σθν
1209 1726 1303 1804 ἥλιον.

410 1845 505 1901 acute
524 1830 607 1896 eruit
627 1851 735 1895 reram
754 1828 924 1896 lectionem
946 1833 1133 1900 susanna
1151 1833 1277 1899 Aneed.
1298 1831 1324 1896 I.
1341 1833 1399 1910 72,
1420 1833 1472 1896 28.
1489 1831 1585 1912 χραῖ-

409 1939 515 2006 νεσθαι
540 1936 614 2016 πρὸς
640 1932 738 2009 ἤλιονι
761 1935 796 1999 σθ
822 1935 993 2014 λεγόμενον
1020 1939 1078 2003 ent
1102 1944 1161 2002 πῶν
1187 1943 1310 2002 πολλῶν
1334 1937 1484 2004 ἐπικαίειν
1505 1938 1579 2016 πρὸς

410 2042 511 2121 ἥλιον,
533 2051 565 2106 et
586 2046 700 2128 poetae
716 2037 858 2103 reddidit
877 2039 1078 2120 ἐχραινόμην.
1105 2039 1260 2106 Similiter
1275 2039 1372 2106 serbo
1393 2041 1583 2122 ἐπιχραίνειν

410 2148 592 2214 utebantur.
639 2144 808 2210 Luctatttts
830 2150 883 2223 47,
901 2151 930 2210 6.
955 2146 990 2210 πθ
1016 2153 1108 2225 σῶμα
1133 2147 1206 2229 πρὸς
1228 2147 1280 2211 πθν
1304 2145 1387 2220 ἥλιον
1411 2147 1441 2217 ἐς
1465 2147 1499 2210 σθ
1519 2147 1580 2210 ΑΞ-

409 2256 542 2322 θιοπικὸν
558 2251 802 2332 ἐπιχράναντες,
830 2251 1040 2343 quamobrem
1060 2251 1283 2332 ἐπικεχράνθαι
1299 2251 1406 2341 potior
1422 2250 1576 2339 scriptura

408 2359 547 2428 videtur.
595 2356 634 2420 In
664 2359 756 2442 §l3.
790 2357 1006 2436 κασασίχησον
1037 2356 1150 2428 αὐτούς
1180 2368 1273 2446 turpe
1302 2357 1411 2421 vitium
1440 2367 1487 2420 est
1518 2377 1577 2445 pro

408 2465 641 2543 κατασῖχασον.
674 2467 692 2550 §
717 2466 764 2528 17.
785 2463 957 2543 περιμένειν
981 2461 1010 2526 sl
1029 2485 1060 2525 σι
1087 2461 1140 2526 καὶ
1162 2463 1236 2545 ἐρεῖ,
1259 2463 1329 2552 lege
1349 2461 1520 2545 περιμένειν
1545 2460 1577 2525 σι’

408 2570 461 2636 καὶ
477 2571 549 2652 ἐρεῖ.
575 2571 594 2653 §
614 2571 666 2634 21.
690 2566 775 2647 μύνσι
792 2566 855 2648 γάρ
870 2569 982 2645 ἐσμεν,
1008 2578 1040 2631 et
1059 2565 1112 2632 bic
1130 2567 1265 2634 emenda
1284 2569 1372 2635 αὐτοὶ
1389 2568 1451 2650 χάρ
1469 2571 1581 2649 ἐσμεν,

408 2675 482 2742 side
508 2695 603 2763 supra
626 2695 657 2762 p.
680 2675 753 2737 111.
794 2675 885 2760 §25.
909 2671 979 2736 ε’πεθ
1005 2672 1054 2736 σοι’
1081 2697 1120 2751 γε
1150 2676 1175 2739 εἷ
1202 2675 1269 2753 ἐμοὶ
1296 2677 1346 2740 ἐπ’
1376 2673 1517 2752 ἐξουσίας
1543 2675 1578 2738 πὸ

406 2783 547 2861 πράχμα
575 2773 610 2851 ἦν
636 2775 730 2842 εἴασα
755 2775 808 2859 άν,
837 2776 909 2850 οἴει,
933 2776 1003 2848 τοὺς
1030 2777 1202 2858 ἱεροσύλους
1229 2777 1329 2860 πρῴην
1351 2779 1517 2853 άπελθεῖν,
1544 2789 1579 2844 ut

407 2887 528 2955 Graeca
549 2883 650 2950 oratio
667 2883 707 2947 sit
727 2894 759 2948 et
781 2882 932 2948 Lucterio
954 2881 1065 2971 digna,
1086 2881 1165 2949 baec
1186 2883 1228 2950 ita
1249 2897 1323 2950 sunt
1342 2884 1579 2952 constituenda:

406 2992 474 3058 ἐπεὶ
501 2990 531 3056 el
551 2993 585 3068 χ’
609 2990 660 3052 ἐπ’
685 2986 752 3064 ἐμοὶ
778 2988 814 3051 πθ
838 2989 963 3067 πρᾶγμ’
993 2982 1027 3061 ἦν
1052 2989 1147 3053 ἐοῖσαθ
1174 2992 1210 3068 μ’
1234 2989 1272 3055 θον
1297 2991 1351 3055 οῖει
1377 2992 1443 3057 κπέ.
1477 2994 1494 3077 §
1524 2996 1578 3057 33.

404 3095 438 3161 σθ
457 3090 506 3160 οὖν
521 3092 569 3158 ἐπι
585 3093 647 3172 χρὴ
667 3100 764 3156 ποιεῖν
783 3091 908 3167 λοιπόν,
933 3113 1079 3184 expunge
1094 3095 1168 3175 χρή.
1204 3101 1221 3184 g
1242 3100 1304 3162 34,
1319 3097 1396 3162 ἀλλ’
1413 3095 1485 3176 ὅπερ
1501 3099 1576 3174 ἡμῖν

404 3198 619 3266 δυναπύπαπον
645 3194 785 3285 (θυναπύν
808 3194 834 3259 A
855 3208 886 3260 et
906 3196 1069 3286 Bruttus.)
1098 3222 1177 3266 corr.
1206 3203 1333 3268 δυνατὸν
1353 3201 1458 3284 μθνου,
1487 3201 1579 3288 quod

402 3306 508 3371 solum
530 3324 722 3391 possumus.
755 3303 849 3386 §te
879 3303 1063 3375 πέπλευκας
1093 3305 1148 3380 ἤδη
1176 3307 1270 3381 ποπέ;
1299 3307 1351 3370 καὶ
1380 3303 1497 3370 πολλά.
1529 3306 1575 3372 sie

405 3407 612 3478 Alb'eaeteri
631 3404 803 3491 πολλάκις,
826 3405 914 3496 quod
934 3431 1046 3473 oerum
1066 3421 1098 3474 et
1118 3410 1292 3498 genuinum
1312 3421 1366 3475 est.
1412 3405 1449 3472 ln
1472 3408 1577 3476 Godd.

402 3539 440 3584 ea
467 3516 519 3583 vix
546 3513 786 3592 discernuntur,
815 3536 956 3603 namque
980 3529 1064 3580 πολλ
1088 3517 1302 3606 suprascripto
1322 3516 1343 3580 ά
1365 3513 1496 3605 ponitur
1518 3539 1574 3606 pro

401 3621 577 3695 πολλάκις,
603 3619 813 3709 quamobrem
832 3642 926 3709 saepe
946 3619 1043 3698 θλθχα
1063 3631 1094 3685 et
1110 3620 1271 3699 ὀλιγάκις,
1296 3629 1416 3688 πλεῖςα
1435 3631 1470 3714 et
1484 3635 1575 3686 πλει-

402 3726 494 3800 ςάκις
513 3715 636 3792 sidebis
653 3725 737 3790 inter
754 3747 788 3790 se
808 3723 999 3815 permutari,
1015 3737 1051 3790 ut
1069 3725 1102 3790 in
1124 3724 1320 3791 Demonacte
1337 3729 1390 3802 37,
1408 3728 1460 3790 51.
1476 3724 1574 3803 σ’λίρια

401 3833 460 3912 μὲν
487 3836 611 3904 λαλῶν,
635 3828 792 3901 πολλάκις
814 3831 841 3894 δ’
866 3831 1001 3907 άκσύιον,
1033 3830 1143 3920 inepte
1169 3831 1203 3896 in
1231 3831 1342 3896 multis
1372 3830 1489 3920 legitur
1514 3853 1573 3922 pro

400 3934 521 4003 πολλά.
557 3940 575 4022 §
597 3938 649 3999 52.
672 3936 763 4011 ἡμεῖς
788 3934 819 3998 δέ
843 3934 875 3998 σι’
892 3939 1055 4013 ποιοῦμεν,
1080 3958 1162 4002 corr.
1186 3943 1330 4016 ποιοῖμεν.

446 4037 486 4104 lu
515 4037 649 4104 Somnio
676 4060 735 4102 seu
761 4037 861 4104 Gallo
891 4043 949 4116 45,
972 4042 1001 4104 2.
1034 4043 1225 4123 άνθριοπικῶς
1255 4040 1427 4121 ἐλάλησεν,
1459 4064 1572 4108 revoca

400 4144 603 4225 άνύριιπῖνοις.
639 4147 657 4230 §
677 4145 709 4213 4.
732 4146 822 4215 παῦ’,
848 4138 968 4221 ὦγαθέ,
992 4146 1216 4227 λοιδορούμενός
1237 4169 1301 4226 μοι.
1335 4146 1454 4236 optima
1474 4148 1570 4213 lectio

401 4247 538 4315 debetur
567 4246 627 4313 suli
657 4246 692 4313 Δ.
723 4248 839 4314 caeteri
869 4268 979 4312 omnes
1009 4251 1109 4314 παύου
1138 4249 1298 4316 exhibent.
1355 4252 1573 4320 Animadverti

401 4354 485 4421 banc
501 4378 568 4421 esse
588 4366 785 4420 constantem
803 4354 1009 4443 antiquorum
1026 4357 1303 4440 cousuetudinem,
1323 4370 1358 4423 ut
1369 4365 1452 4423 παῦε
1464 4360 1575 4426 dicunt

401 4473 434 4529 et
453 4467 595 4535 παῦσαι,
621 4484 796 4550 numquam
816 4473 923 4528 autem
946 4461 1048 4528 forma
1066 4463 1168 4528 παύου
1190 4475 1333 4544 utantur,
1357 4487 1454 4555 quam
1472 4455 1573 4529 inter·

400 4567 478 4634 dum
501 4567 650 4635 Graeculi
668 4589 706 4632 ex
725 4589 782 4634 suo
803 4591 863 4636 usu
881 4569 1083 4649 invexerunt,
1101 4581 1137 4635 ut
1157 4568 1187 4636 h.
1200 4570 1221 4638 l.
1243 4571 1364 4638 factum
1386 4595 1453 4638 esse
1474 4569 1572 4652 vides.

401 4670 440 4737 Iu
461 4674 516 4766 67,
536 4675 594 4753 12,
614 4675 646 4742 2.
667 4673 787 4750 παύου,
811 4670 1013 4752 ὦπάλαινα,
1037 4675 1211 4759 δακρύουσα
1232 4674 1359 4765 vulgate
1379 4676 1476 4744 lectio
1496 4688 1576 4746 erat.
