3767 5717
876 577 940 642 285

316 778 424 855 Φνσνν·
461 767 593 837 Birande
616 771 660 840 εἰς
682 767 816 849 πορνεῖόν
843 791 916 843 που,
941 768 992 835 iva
1011 769 1110 852 uuidar
1136 767 1181 834 ὅτι
1208 776 1266 836 τῶν
1290 771 1422 850 siradius
1442 771 1482 836 'riu

316 878 408 955 τίμιον
429 874 512 939 οὐδὲν
535 872 686 954 διαφέρει.
723 871 782 938 Vel
803 871 856 937 hic
880 895 961 940 unus
982 874 1070 940 locus
1090 889 1278 964 argumento
1300 900 1366 942 esse
1388 891 1481 968 pote·

308 993 361 1046 rat
383 1003 448 1046 noo
467 990 534 1042 esse
555 978 752 1042 Pournncflr
770 976 858 1042 huuc
877 978 1015 1058 librum,
1044 1005 1061 1046 a
1082 982 1172 1045 cuius
1187 983 1333 1048 moribus
1355 983 1412 1048 ista
1433 1007 1482 1048 sa-

312 1086 434 1177 pientia
462 1101 589 1171 prorsus
608 1080 773 1158 abhorret,
802 1081 856 1147 sed
876 1095 1016 1150 extrema
1039 1107 1111 1174 pars
1132 1085 1195 1150 looi
1217 1108 1310 1150 sensu
1334 1107 1429 1152 vacua
1451 1102 1482 1152 et

312 1187 596 1283 prorsus'absurda
613 1198 678 1264 est,
704 1185 765 1250 nisi
785 1187 857 1275 quis
876 1188 958 1254 forte
977 1211 1088 1278 capere
1105 1201 1212 1277 potest
1231 1191 1308 1278 quid
1333 1191 1389 1255 sit:
1417 1204 1481 1256 »ut

313 1299 428 1365 discas
457 1296 548 1359 aedil
569 1315 625 1357 res
657 1295 813 1356 honestas
840 1295 882 1356 ab
910 1295 1061 1383 indignis
1082 1294 1248 1382 defferre.''
1293 1294 1417 1384 Lepida⁸
1436 1308 1482 1360 est

313 1394 584 1472 Wrrrnnnacflu
613 1398 804 1464 annotatioz.
823 1399 959 1464 videtur
973 1411 1191 1490 praeceptum
1214 1426 1235 1462 a
1260 1401 1400 1488 pecodum
1421 1425 1481 1466 οινο-

305 1521 404 1575 -ctore
423 1508 551 1573 diserte
571 1506 736 1574 traditum
758 1527 799 1568 ac
811 1527 879 1594 per
899 1507 1157 1586 εὐθνρρνμοσύννν
1175 1509 1350 1594 gravitate
1368 1517 1481 1574 ονοίο·

305 1619 373 1681 νέα
388 1614 553 1680 inuoluere
570 1613 713 1677 voluisse
735 1614 850 1697 itaque
862 1613 1110 1700 perspicuitati
1126 1611 1280 1698 obfuisse.
1329 1609 1380 1674 Sic
1400 1611 1485 1676 nihil

270 1735 274 1738 ’
311 1720 373 1787 erit
401 1719 442 1784 ad
471 1719 594 1785 animos
622 1715 869 1784 commovendos
901 1717 1005 1781 minus
1035 1714 1184 1780 idoneum
1211 1738 1307 1804 quam
1329 1722 1482 1782 oratoria

308 1831 477 1918 grauitas.
526 1823 560 1888 Si
589 1821 885 1911 interpretationem
913 1819 1083 1884 emendato
1117 1819 1212 1894 lectio
1243 1820 1481 1908 praecessisset,

303 1933 378 1997 'non
399 1931 511 1998 fuisset
530 1929 619 1995 aliud
637 1939 843 2019 praeceptum
864 1925 903 1992 ad
924 1924 1170 2013 intelligendum
1194 1924 1326 1992 facilius.
1362 1925 1481 1992 Emon-

314 2037 371 2101 da:
396 2036 515 2101 ὲῖσελθε
535 2037 578 2106 εἰς
598 2043 751 2114 πορνεῖον,
775 2041 854 2106 ποῖ,
880 2031 930 2096 ina
950 2032 1049 2111 μάθῃς
1069 2028 1114 2096 ὅτι
1136 2036 1194 2094 τῶν
1216 2031 1309 2106 νῖξίων
1328 2031 1371 2094 roi
1389 2032 1482 2110 τίμιον

312 2144 396 2209 οὐδὲν
415 2141 573 2222 δνοφέρενι
595 2140 638 2204 τὰ
661 2140 754 2217 τίμιον
774 2147 848 2203 sunt
866 2159 952 2224 quae
971 2159 1090 2226 magno
1104 2145 1280 2215 ὀονείοννί,
1302 2137 1419 2225 quibus
1439 2139 1481 2204 τοὶ

309 2248 388 2326 ἄξιον
408 2256 624 2337 opponuntur.
658 2244 719 2309 Pro
738 2267 796 2308 πον
815 2242 986 2331 legendum
1010 2267 1075 2308 esse
1098 2251 1161 2310 nui
1179 2243 1383 2310 confirmabit
1403 2242 1483 2308 Dro-

314 2371 414 2418 eunus
443 2352 610 2416 Laenates
640 2349 708 2414 Vll.
729 2352 772 2414 88
792 2357 823 2414 e't
841 2351 893 2413 89.
925 2348 982 2413 ubi
1005 2351 1055 2414 ἐπ’
1078 2348 1195 2426 οἵννμοο
1217 2348 1382 2423 nardinum
1405 2347 1482 2411 olim

303 2456 470 2548 'putabant
489 2457 669 2545 significare
689 2455 768 2518 >aad
783 2455 929 2518 ancillae
948 2439 1114 2530 domum·,''
1139 2453 1193 2518 sed
1213 2463 1259 2516 est
1283 2452 1367 2518 idem
1395 2453 1482 2540 quod

304 2565 481 2628 'Diuersus
500 2582 566 2624 uno
587 2558 684 2625 verbo
708 2567 842 2638 πορνεῖον
865 2557 1016 2647 appellat.
1471 2646 1476 2654 Ι

305 2718 309 2725 ,
358 2665 396 2731 ln
424 2665 606 2730 uterorum
634 2665 858 2756 Praeceptore
887 2667 1021 2742 51„12.
1055 2665 1224 2731 aaronitae
1257 2667 1312 2740 rba
1346 2664 1483 2742 anurnio

314 2769 555 2852 μιμησάμενος,
593 2767 716 2833 librarii
746 2790 948 2858 concoquere
983 2793 1048 2834 non
1081 2782 1256 2860 potuerunt
1291 2769 1482 2842 uerendus,
1531 2835 1537 2842 ,

315 2874 415 2966 (quod
438 2874 628 2938 dictumest
652 2886 687 2938 ut
707 2874 912 2957 οὐτοβορὲος,
936 2877 1170 2956 adrumatur,
1190 2875 1262 2963 ulia)
1284 2874 1394 2963 itaque
1414 2873 1485 2962 ple-

312 2983 405 3071 rique
423 2978 600 3044 dederunt-
616 2979 709 3050 οὗτος
734 2977 839 3044 deiide:
869 2979 910 3044 ad
931 2979 1019 3046 idem
1045 2981 1226 3070 exemplum
1251 2978 1484 3046 emendererim

313 3087 477 3152 Pannonis
496 3085 716 3150 Menexeuum
737 3108 769 3172 p.
790 3087 855 3150 245
876 3103 907 3149 o.
937 3086 1025 3152 edroi
1048 3086 1203 3162 Ἕλληνες
1228 3088 1261 3152 οὐ
1282 3083 1484 3165 μιξοβάρβα-

313 3217 355 3274 ροι
385 3192 545 3269 οἰκοῦμεν,
585 3188 642 3254 ubi
675 3188 754 3253 olim
794 3197 923 3255 venuste
959 3191 1165 3267 οὗτοέλλννες
1202 3189 1354 3281 scriptum
1389 3189 1486 3254 fuisse

315 3297 457 3362 arbitror.
1182 3385 1185 3390 .

309 3449 314 3455 -
356 3400 395 3466 In
422 3402 645 3490 Philopseude
667 3406 725 3480 52,
745 3407 798 3468 34.
829 3405 1025 3486 euastanda
1054 3404 1254 3485 ἓλλννίζοντμ
1280 3401 1355 3468 libri
1376 3423 1484 3466 omnes

314 3506 520 3571 necessariam
550 3506 751 3594 negationem
780 3506 949 3582 omittunt,
974 3529 1070 3594 quam
1092 3507 1212 3595 primns
1231 3506 1336 3574 editor
1355 3507 1486 3595 supple·

313 3611 359 3676 rit
378 3608 419 3674 de
439 3632 512 3685 sao,
530 3609 743 3698 probantibus
761 3610 1204 3678 merito.eaeteris'omnibns.
1238 3609 1371 3699 Saepius
1390 3633 1487 3698 quarn

314 3712 424 3779 credas
452 3711 574 3777 librarii
601 3717 634 3778 οὐ
663 3713 871 3801 neglexerunt
901 3711 1035 3791 addere,
1059 3724 1095 3779 ut
1117 3713 1150 3776 in
1169 3712 1342 3780 Isocnsrls
1361 3716 1486 3782 Archi-

259 3881 272 3886 -
303 3819 413 3886 ,dumo
435 3821 528 3903 §.33.
547 3818 581 3882 in
602 3817 751 3884 omnibus
771 3817 863 3883 libris
884 3829 932 3882 est
959 3817 1009 3882 ua
1031 3817 1214 3895 ννλοονεξίνν
1237 3818 1407 3896 πονούμεόνο
1432 3821 1488 3893 τὴν

315 3925 450 4005 ciprinum
472 3924 685 3989 necessarium
705 3927 738 3988 οὐ
760 3923 929 4000 πονούμενον
952 3921 1080 3989 tandem
1106 3945 1188 3988 unus
1216 3922 1365 3994 Uardanus
1387 3923 1487 3992 dedit.
1542 3967 1544 3972 ,

315 4027 470 4094 Similiter
489 4031 524 4094 in
544 4027 741 4114 Antidusi§
764 4030 829 4092 318
850 4038 884 4092 et
902 4027 971 4092 aliis
992 4027 1084 4092 locis:
1111 4029 1319 4118 quamobrem
1338 4030 1363 4094 si
1384 4053 1487 4120 quen-

316 4133 410 4198 duod
431 4133 540 4199 deesse
560 4135 726 4225 apparebit
747 4134 815 4200 noli
835 4135 1042 4202 reformidare
1063 4148 1205 4202 veterum
1229 4137 1487 4204 membranarum
1528 4144 1536 4154 ‘

315 4239 554 4319 auctoritatem,
570 4252 624 4306 aut
639 4240 795 4330 librorum
814 4240 957 4308 omnium
969 4251 1157 4308 consensum
1170 4243 1317 4322 revereri,
1334 4243 1388 4308 sed
1400 4243 1487 4332 quod

315 4365 395 4436 opus
411 4357 462 4410 est
483 4346 682 4412 confidenter
698 4347 839 4414 restitue.
885 4346 977 4412 Dabo
998 4348 1062 4412 duo
1083 4349 1244 4439 exempla:
1270 4349 1302 4413 in
1324 4347 1488 4414 Pnsroms

314 4451 497 4518 Phaedone
513 4478 544 4544 p.
569 4456 611 4517 59
632 4469 660 4517 c.
684 4450 717 4515 ‘rr‘
738 4450 786 4526 δές
819 4450 1004 4532 'Apis-trram
1032 4453 1084 4515 nui
1109 4453 1326 4533 Κλεόμβροτος
1352 4451 1488 4532 παρενέ-

317 4577 418 4630 νοντο;
439 4560 528 4622 -οὐ
550 4556 640 4630 δῆτα.
666 4557 697 4619 ἐν
722 4553 836 4636 Αἰγίνῃ
857 4555 920 4635 γὰρ
943 4555 1088 4635 ἐλέγοντο
1114 4553 1210 4631 ebur,
1245 4567 1276 4621 et
1305 4579 1378 4620 sana
1408 4557 1488 4620 ratio

317 4656 410 4724 docet
438 4674 470 4727 et
496 4659 634 4726 Graecae
656 4659 784 4749 linguae
807 4658 971 4749 ingenium
993 4659 1230 4726 emendandum
1249 4683 1316 4728 esse
1337 4665 1368 4726 οὐ
1391 4686 1487 4744 πορε-
