3767 5717
887 723 896 732 .
974 621 1040 688 348

418 817 501 910 apud
523 817 730 884 Draracnou
751 817 835 882 κατα
861 817 1085 897 Δημοσθένους.
1111 819 1129 903 §
1152 819 1205 884 74.
1231 815 1400 900 ἐδωροδόκει
1420 820 1478 900 μὲν
1504 818 1601 911 [χρύ-

418 950 512 1004 ματα
535 922 725 1011 λαμβάνων]
751 924 840 1006 παρα
861 922 1030 988 Φιλίππου.
1053 1005 1060 1016 ·
1079 922 1199 1014 Ecquis
1225 923 1306 989 serio
1331 923 1434 990 credit
1454 924 1534 992 haec
1553 926 1598 992 ab

418 1029 489 1120 ipso
510 1025 644 1094 Oratore
663 1028 794 1094 addita?
825 1030 922 1095 etiam
943 1027 993 1093 ἔτι
1015 1029 1185 1109 χρήματα·
1200 1039 1248 1094 ost
1267 1030 1410 1096 abiectae
1432 1029 1597 1098 Graecita-

420 1137 461 1201 tis
479 1159 538 1225 pro
559 1135 721 1215 χρήμασιν
743 1147 779 1200 ut
799 1136 850 1200 ἕτδ
869 1133 976 1214 πολλῷ
999 1136 1137 1200 ὠνεῖσθαι
1158 1157 1216 1226 pro
1237 1135 1359 1204 τολλοῖι
1378 1150 1409 1204 et
1429 1137 1498 1204 sim.
1531 1135 1596 1202 sed

422 1263 501 1332 opus
517 1251 584 1304 erat
603 1229 782 1306 istiusmodi
797 1241 1083 1330 interpretamento
1099 1240 1151 1320 iis,
1173 1241 1289 1333 quibus
1308 1245 1480 1326 δωροδοκεῖν
1497 1242 1597 1332 signi·

421 1346 540 1411 ficabat
560 1345 611 1408 ἐπὶ
635 1345 780 1425 χρήματι
801 1345 987 1427 διαφθείρειν
1009 1344 1059 1444 rel
1080 1347 1237 1426 χρήματα
1264 1347 1387 1413 διδόναι.
1424 1347 1599 1438 Sequiores

423 1449 630 1517 Grammatici
650 1450 821 1540 opinantur
839 1451 873 1514 τδ
898 1450 1068 1530 δωροδοκεῖν
1092 1461 1261 1541 utramque
1284 1451 1348 1518 rim
1370 1451 1489 1521 habere
1509 1452 1596 1543 apud

314 1587 317 1590 ⁴
422 1555 572 1633 Veteres,
603 1565 638 1619 ut
658 1555 698 1619 sit
720 1554 769 1621 rel
789 1550 970 1633 λαμβάνειν
994 1552 1045 1618 rel
1065 1552 1178 1619 διδόναι
1198 1558 1366 1636 χρήματα.
1416 1557 1491 1647 Non
1516 1569 1598 1623 esset

424 1661 695 1752 operaepretium
718 1662 839 1729 Graeco
857 1659 979 1724 discere
1000 1658 1025 1723 si
1044 1659 1087 1723 ita
1111 1659 1224 1724 Graeci
1243 1659 1378 1726 fuissent
1397 1662 1513 1728 locuti:
1541 1663 1597 1730 aed

423 1768 503 1833 haec
531 1790 664 1857 quoque
690 1780 765 1834 sunt
794 1787 960 1858 aegrorum
984 1776 1016 1829 et
1037 1761 1240 1830 indoctorum
1261 1766 1429 1834 insomnia.
1476 1767 1600 1834 Nititur

422 1872 556 1938 mirifica
587 1871 666 1938 baec
696 1866 843 1938 doctrina
872 1893 937 1935 uno
965 1870 1038 1935 loco
1066 1867 1298 1936 Dnuosrussra
1323 1893 1427 1961 eoque
1447 1883 1599 1965 corrupto

422 2002 454 2068 p.
476 1981 556 2056 122,
577 1980 630 2043 24.
654 1977 800 2061 ἐκόλαζον
826 1979 852 2043 δῖ
872 1974 950 2041 οὕτω
977 1974 1030 2040 καὶ
1056 1976 1257 2057 ἐτιμωροῦντο
1284 1975 1333 2048 οὓς
1361 1967 1600 2058 δωροδοκοῦντας

425 2081 576 2146 αἴσθοιντο
603 2079 661 2150 ὥτε
686 2082 739 2146 καὶ
764 2080 898 2157 ςνλίτας
922 2088 1040 2157 ποιεῖν,
1076 2077 1133 2144 ubi
1162 2080 1400 2160 δωροδοκοῦντας
1431 2081 1600 2149 manifesto

425 2187 583 2276 significat
607 2187 678 2259 τοὺς
704 2185 956 2268 διαφθείροντας,
992 2182 1045 2248 sed
1076 2183 1271 2273 adscriptum
1302 2207 1369 2250 esse
1397 2209 1415 2250 a
1445 2187 1601 2254 Graeculo

426 2283 491 2381 quo
522 2303 666 2381 ternpore
695 2291 866 2371 δωροδοκεῖν
899 2286 982 2352 hanc
1011 2287 1078 2353 vim
1112 2287 1269 2368 habehat,
1304 2312 1390 2356 nuno
1416 2305 1537 2358 constan
1559 2315 1598 2358 er

366 2487 369 2492 Ι
426 2398 547 2488 optimo
568 2395 688 2462 (lodice
705 2393 742 2473 S,
767 2394 823 2484 qui
845 2392 930 2458 istud
949 2411 1079 2483 quoque
1098 2393 1257 2460 emblema
1277 2398 1405 2462 sustulit
1426 2421 1517 2466 uuus.
1550 2398 1601 2464 ld

329 2580 333 2586 ἐ
425 2503 504 2568 haec
523 2503 595 2592 quis
615 2524 707 2590 aegre
728 2499 1005 2565 leret-si'dicendi
1029 2500 1194 2589 magistros
1215 2511 1247 2564 et
1268 2501 1381 2578 λὲξὲων
1402 2505 1603 2570 consarcina-

426 2620 512 2672 tores
541 2618 746 2671 contemnere
775 2627 829 2668 me
857 2603 981 2683 dixero,
1015 2627 1096 2694 quos
1127 2604 1200 2670 istas
1231 2605 1365 2696 ineptias
1390 2631 1502 2698 magna
1529 2631 1604 2676 oum

430 2712 587 2808 gnaritate
611 2711 738 2778 rideam
758 2709 910 2776 docentes
930 2721 963 2776 et
984 2709 1208 2775 absurdissima
1230 2733 1377 2802 quaeque
1401 2716 1486 2781 ultro
1505 2739 1605 2807 appe·

394 2860 395 2863 =
432 2832 538 2886 tentes
558 2831 611 2884 eut
633 2818 673 2884 de
691 2841 749 2884 suo
768 2817 947 2906 fingentes?
980 2815 1065 2880 ludi
1086 2837 1172 2880 nunc
1191 2839 1300 2882 eorum
1321 2821 1604 2903 ψευδομαρτυρίας.

394 2944 398 2958 ·
430 2903 809 3004 flrsrcnrus‘aoaotoaar:
832 2923 935 2987 δίδωτι
955 2911 1033 3002 δῶρα
1053 2931 1085 2987 ct
1106 2921 1281 3002 δωροδοκίαι
1304 2923 1339 2987 τὸ
1359 2925 1475 3002 λαβεῖν
1499 2925 1515 3000 ἢ
1536 2925 1605 2989 δοῦ-

428 3055 479 3096 ναι
513 3031 604 3111 δῶρα.
653 3029 830 3094 Anffloarus
860 3025 1037 3105 δωροδοκίαι
1070 3022 1089 3100 ἶν’
1113 3049 1149 3090 τε
1178 3024 1259 3098 δόσις
1286 3027 1345 3090 τῶν
1375 3026 1472 3107 δώρων
1500 3027 1553 3092 καὶ
1583 3031 1603 3104 ἢ

432 3141 566 3215 titia·
592 3131 826 3197 Grammaticus
859 3119 1013 3196 anksul
1038 3120 1161 3196 Aneocl
1190 3153 1222 3218 p.
1245 3135 1397 3209 242533.
1428 3131 1603 3213 δωροδόκοςε

432 3240 486 3307 καῖ
526 3239 663 3310 ὄδιδοὺς
692 3237 745 3302 καδ
777 3238 791 3301 ὁ
817 3234 1012 3313 λαμβάνων,
1047 3257 1129 3323 quae
1162 3230 1296 3300 totidem
1323 3235 1424 3300 serbis
1453 3236 1609 3324 leguntur

434 3341 519 3432 apud
544 3343 775 3409 Erruonoouu
794 3341 954 3406 Macron.
1003 3340 1151 3406 Turnus
1167 3339 1333 3420 δωροδόκοιι
1357 3339 1408 3404 καὶ
1426 3340 1451 3404 οἱ
1472 3338 1608 3415 διδόντες

434 3453 515 3530 δῶρα
535 3448 589 3513 καὶ
609 3450 635 3513 οἱ
658 3446 893 3527 λαμβάνοντες.
942 3443 1053 3511 Schol.
1076 3444 1187 3510 larsa.
1207 3444 1246 3508 ad
1270 3443 1359 3534 qu.
1378 3468 1421 3510 rs.
1442 3447 1494 3509 66.
1517 3442 1607 3528 δωρο-Ι

433 3555 533 3620 δοκεῖι
556 3555 637 3634 δῶρα
661 3552 836 3633 λααβοὶνει.
869 3552 989 3618 τίθεται
1017 3552 1049 3616 δὲ
1073 3553 1091 3628 ἦ
1114 3541 1199 3628 λέξις
1224 3551 1276 3616 καὶ
1300 3551 1351 3616 ἕτδ
1376 3555 1430 3618 τοῖι
1454 3550 1604 3626 διδόντος,

435 3670 469 3725 et
486 3683 530 3725 rs.
549 3663 626 3725 834.
650 3659 834 3738 δωροδοκεῖνε
857 3659 890 3722 οὐ
914 3655 1006 3735 μόνον
1028 3657 1063 3721 τδ
1094 3657 1173 3737 δῶρα
1195 3655 1307 3722 διδόναι
1332 3656 1422 3721 οέλλα
1443 3656 1497 3721 καὶ
1519 3671 1606 3735 λαμ·

436 3762 557 3844 βανειν.
606 3763 664 3829 lati
685 3785 794 3829 omnes
811 3762 960 3826 nituntur
981 3784 1048 3827 uno
1068 3761 1141 3826 loco
1163 3761 1411 3840 Dauosruunrs,
1441 3783 1538 3853 quem
1559 3760 1610 3826 di*

437 3879 520 3934 serte
540 3868 650 3933 laudat
670 3866 848 3933 Scholiasta
866 3867 1031 3933 Pnarorsss
1051 3867 1091 3933 ad
1110 3867 1215 3934 Atrio.
1235 3866 1276 3932 ll.
1297 3891 1329 3958 p.
1354 3871 1416 3932 149
1437 3889 1483 3947 a„
1512 3879 1544 3932 ct
1564 3867 1608 3932 sie

439 3973 521 4039 haec
548 3972 705 4038 malesana
734 3971 878 4038 doctrina
900 3993 1077 4062 numquam
1100 3973 1239 4038 convelli
1257 3973 1427 4063 potuisset,
1447 3972 1509 4039 nisi
1528 3993 1612 4038 unus

439 4080 523 4145 liber
540 4079 671 4145 caeteris
691 4079 838 4145 omnibus
859 4079 975 4144 melior
995 4079 1241 4170 inexspectatam
1264 4103 1356 4170 opem
1382 4080 1521 4145 tulissett
1547 4099 1612 4168 quo

360 4184 369 4199 '
440 4185 564 4252 cautius
584 4197 707 4251 caetera
726 4185 889 4250 tractanda
911 4197 985 4250 sunt
1009 4209 1091 4275 quae
1107 4199 1221 4275 suopte
1238 4187 1367 4276 iugenio
1385 4186 1522 4251 absurda
1538 4191 1613 4250 sunt

443 4290 498 4356 sed
520 4291 728 4382 Antiquitatis
746 4311 840 4354 caeca
858 4291 1060 4356 veneratione
1080 4290 1248 4371 foventur,
1273 4293 1348 4382 quia
1366 4292 1478 4358 doctos
1500 4285 1615 4358 Gram-

438 4399 576 4465 maticos
600 4409 745 4463 auctores
768 4394 890 4459 habent
904 4393 1035 4460 *scilicet
1058 4406 1090 4460 et
1113 4407 1217 4462 testes.

487 4503 654 4570 Manifesta
682 4511 808 4566 tenetur
832 4499 894 4565 alia
913 4499 1000 4564 fraus
1020 4500 1195 4567 scribarum
1217 4513 1249 4566 et
1269 4499 1440 4568 sciolorum
1460 4522 1515 4566 sua
1537 4497 1615 4563 sitia

441 4609 602 4674 veteribus
631 4606 843 4673 affricantinm
868 4606 901 4670 in
924 4605 996 4671 loeo
1017 4605 1167 4672 urorum
1186 4606 1322 4687 Illuc,
1345 4629 1442 4697 quem
1463 4605 1617 4673 Dranour
1687 4591 1690 4596 ’

345 4785 353 4794 ‚
441 4713 594 4781 indicarit
615 4712 669 4780 lV.
690 4720 741 4781 55.
766 4712 824 4780 ubi
843 4710 953 4778 πολλοὶ
977 4713 1008 4776 δὲ
1030 4711 1082 4778 καὶ
1100 4713 1245 4794 χρήματι
1269 4710 1517 4796 δωροδοκηθέντα
1539 4710 1617 4777 ede·
