<?xml version="1.0" encoding="UTF-8"?>
<!DOCTYPE html PUBLIC "-//W3C//DTD XHTML 1.0 Transitional//EN"
    "http://www.w3.org/TR/xhtml1/DTD/xhtml1-transitional.dtd">
<html xmlns="http://www.w3.org/1999/xhtml" xml:lang="en" lang="en">
 <head>
  <title>
</title>
<meta http-equiv="Content-Type" content="text/html;charset=utf-8" />
  <meta name='ocr-system' content='tesseract 3.04.00' />
  <meta name='ocr-capabilities' content='ocr_page ocr_carea ocr_par ocr_line ocrx_word'/>
</head>
<body>
  <div class='ocr_page' id='page_1' title='image "./variaelectiones02cobegoog_0021.png"; bbox 0 0 3767 5717; ppageno 0'>
   <div class='ocr_carea' id='block_1_1' title="bbox 274 2145 1469 2343">
    <p class='ocr_par' dir='ltr' id='par_1_1' title="bbox 274 2145 1469 2343">
     <span class='ocr_line' id='line_1_1' title="bbox 320 2145 1467 2238; baseline -0.006 -21"><span class='ocrx_word' id='word_1_1' title='bbox 320 2149 369 2217; x_wconf 86' lang='lat' dir='ltr'><em>Ad</em></span> <span class='ocrx_word' id='word_1_2' title='bbox 395 2148 581 2216; x_wconf 73' lang='lat' dir='ltr'><strong><em>medicinam</em></strong></span> <span class='ocrx_word' id='word_1_3' title='bbox 603 2149 716 2217; x_wconf 87' lang='lat' dir='ltr'><em>melius</em></span> <span class='ocrx_word' id='word_1_4' title='bbox 739 2156 768 2215; x_wconf 89' lang='lat' dir='ltr'><em>et</em></span> <span class='ocrx_word' id='word_1_5' title='bbox 797 2149 911 2216; x_wconf 85' lang='lat' dir='ltr'><em>certius</em></span> <span class='ocrx_word' id='word_1_6' title='bbox 942 2147 1149 2238; x_wconf 75' lang='lat' dir='ltr'><em>factitandum</em></span> <span class='ocrx_word' id='word_1_7' title='bbox 1180 2168 1241 2213; x_wconf 84' lang='lat' dir='ltr'><em>uon</em></span> <span class='ocrx_word' id='word_1_8' title='bbox 1271 2145 1467 2213; x_wconf 77' lang='lat' dir='ltr'><em>mediocriter</em></span> 
     </span>
     <span class='ocr_line' id='line_1_2' title="bbox 274 2252 1469 2343; baseline -0.002 -24"><span class='ocrx_word' id='word_1_9' title='bbox 274 2255 352 2321; x_wconf 89' lang='lat' dir='ltr'><em>utile</em></span> <span class='ocrx_word' id='word_1_10' title='bbox 378 2265 423 2321; x_wconf 89' lang='lat' dir='ltr'><em>est</em></span> <span class='ocrx_word' id='word_1_11' title='bbox 443 2256 523 2322; x_wconf 85' lang='lat' dir='ltr'><em>seire</em></span> <span class='ocrx_word' id='word_1_12' title='bbox 542 2255 653 2342; x_wconf 83' lang='lat' dir='ltr'><em>quibus</em></span> <span class='ocrx_word' id='word_1_13' title='bbox 676 2257 710 2320; x_wconf 89' lang='lat' dir='ltr'><em>iu</em></span> <span class='ocrx_word' id='word_1_14' title='bbox 732 2255 826 2321; x_wconf 88' lang='lat' dir='ltr'><em>rebus</em></span> <span class='ocrx_word' id='word_1_15' title='bbox 842 2257 871 2321; x_wconf 87' lang='lat' dir='ltr'><em>is</em></span> <span class='ocrx_word' id='word_1_16' title='bbox 890 2256 946 2342; x_wconf 81' lang='lat' dir='ltr'><em>qui</em></span> <span class='ocrx_word' id='word_1_17' title='bbox 968 2263 1107 2343; x_wconf 70' lang='lat' dir='ltr'><em>aegrotat</em></span> <span class='ocrx_word' id='word_1_18' title='bbox 1128 2274 1257 2340; x_wconf 88' lang='lat' dir='ltr'><em>peccare</em></span> <span class='ocrx_word' id='word_1_19' title='bbox 1279 2252 1389 2318; x_wconf 83' lang='lat' dir='ltr'><em>salitus</em></span> <span class='ocrx_word' id='word_1_20' title='bbox 1410 2252 1469 2329; x_wconf 88' lang='lat' dir='ltr'><em>sit,</em></span> 
     </span>
    </p>
   </div>
   <div class='ocr_carea' id='block_1_2' title="bbox 164 2356 1469 2553">
    <p class='ocr_par' dir='ltr' id='par_1_2' title="bbox 164 2356 1469 2553">
     <span class='ocr_line' id='line_1_3' title="bbox 165 2356 1468 2449; baseline -0.004 -24"><span class='ocrx_word' id='word_1_21' title='bbox 165 2399 166 2404; x_wconf 20' lang='grc' dir='ltr'><strong>κ</strong></span> <span class='ocrx_word' id='word_1_22' title='bbox 274 2381 334 2447; x_wconf 78' lang='lat' dir='ltr'><em>quo</em></span> <span class='ocrx_word' id='word_1_23' title='bbox 366 2371 395 2425; x_wconf 90' lang='lat' dir='ltr'><em>et</em></span> <span class='ocrx_word' id='word_1_24' title='bbox 414 2381 508 2427; x_wconf 88' lang='lat' dir='ltr'><em>causa</em></span> <span class='ocrx_word' id='word_1_25' title='bbox 530 2360 632 2427; x_wconf 86' lang='lat' dir='ltr'><em>morbi</em></span> <span class='ocrx_word' id='word_1_26' title='bbox 654 2361 784 2445; x_wconf 82' lang='lat' dir='ltr'><em>[acilius</em></span> <span class='ocrx_word' id='word_1_27' title='bbox 808 2362 983 2449; x_wconf 80' lang='lat' dir='ltr'><em>reperiatur</em></span> <span class='ocrx_word' id='word_1_28' title='bbox 1006 2372 1035 2429; x_wconf 90' lang='lat' dir='ltr'><em>ct</em></span> <span class='ocrx_word' id='word_1_29' title='bbox 1062 2360 1104 2427; x_wconf 93' lang='lat' dir='ltr'><em>od</em></span> <span class='ocrx_word' id='word_1_30' title='bbox 1128 2382 1197 2426; x_wconf 88' lang='lat' dir='ltr'><em>eam</em></span> <span class='ocrx_word' id='word_1_31' title='bbox 1221 2356 1365 2423; x_wconf 87' lang='lat' dir='ltr'><em>medendi</em></span> <span class='ocrx_word' id='word_1_32' title='bbox 1388 2356 1468 2421; x_wconf 89' lang='lat' dir='ltr'><em>ratio</em></span> 
     </span>
     <span class='ocr_line' id='line_1_4' title="bbox 164 2462 1469 2553; baseline -0.004 -21"><span class='ocrx_word' id='word_1_33' title='bbox 164 2507 165 2546; x_wconf 49' lang='lat' dir='ltr'><strong>f</strong></span> <span class='ocrx_word' id='word_1_34' title='bbox 274 2466 530 2532; x_wconf 87' lang='lat' dir='ltr'><em>accommodetur.</em></span> <span class='ocrx_word' id='word_1_35' title='bbox 580 2466 632 2532; x_wconf 87' lang='lat' dir='ltr'><em>Sic</em></span> <span class='ocrx_word' id='word_1_36' title='bbox 655 2476 684 2532; x_wconf 91' lang='lat' dir='ltr'><em>et</em></span> <span class='ocrx_word' id='word_1_37' title='bbox 709 2466 771 2544; x_wconf 87' lang='lat' dir='ltr'><em>iis,</em></span> <span class='ocrx_word' id='word_1_38' title='bbox 795 2467 903 2553; x_wconf 82' lang='lat' dir='ltr'><em>quise</em></span> <span class='ocrx_word' id='word_1_39' title='bbox 927 2474 1065 2532; x_wconf 86' lang='lat' dir='ltr'><em>veterum</em></span> <span class='ocrx_word' id='word_1_40' title='bbox 1085 2466 1272 2551; x_wconf 89' lang='lat' dir='ltr'><em>scriptorum</em></span> <span class='ocrx_word' id='word_1_41' title='bbox 1295 2462 1386 2550; x_wconf 82' lang='lat' dir='ltr'><em>quasi</em></span> <span class='ocrx_word' id='word_1_42' title='bbox 1406 2483 1469 2527; x_wconf 88' lang='lat' dir='ltr'><em>nre·</em></span> 
     </span>
    </p>
   </div>
   <div class='ocr_carea' id='block_1_3' title="bbox 212 2568 1472 3498">
    <p class='ocr_par' dir='ltr' id='par_1_3' title="bbox 212 2568 1472 3498">
     <span class='ocr_line' id='line_1_5' title="bbox 274 2568 1468 2659; baseline 0.001 -27"><span class='ocrx_word' id='word_1_43' title='bbox 274 2569 359 2632; x_wconf 70' lang='lat' dir='ltr'><em>daos</em></span> <span class='ocrx_word' id='word_1_44' title='bbox 383 2571 533 2654; x_wconf 83' lang='lat' dir='ltr'><em>quosdam</em></span> <span class='ocrx_word' id='word_1_45' title='bbox 556 2592 621 2635; x_wconf 87' lang='lat' dir='ltr'><em>esse</em></span> <span class='ocrx_word' id='word_1_46' title='bbox 637 2571 845 2657; x_wconf 74' lang='lat' dir='ltr'><em>profitentur,</em></span> <span class='ocrx_word' id='word_1_47' title='bbox 869 2593 960 2637; x_wconf 87' lang='lat' dir='ltr'><em>uasse</em></span> <span class='ocrx_word' id='word_1_48' title='bbox 980 2572 1105 2659; x_wconf 79' lang='lat' dir='ltr'><em>expedit</em></span> <span class='ocrx_word' id='word_1_49' title='bbox 1132 2570 1244 2657; x_wconf 87' lang='lat' dir='ltr'><em>quibus</em></span> <span class='ocrx_word' id='word_1_50' title='bbox 1269 2568 1468 2656; x_wconf 85' lang='lat' dir='ltr'><em>potissimum</em></span> 
     </span>
     <span class='ocr_line' id='line_1_6' title="bbox 271 2671 1468 2758; baseline 0 -24"><span class='ocrx_word' id='word_1_51' title='bbox 271 2671 372 2735; x_wconf 87' lang='lat' dir='ltr'><em>modis</em></span> <span class='ocrx_word' id='word_1_52' title='bbox 394 2681 510 2735; x_wconf 88' lang='lat' dir='ltr'><em>ueteres</em></span> <span class='ocrx_word' id='word_1_53' title='bbox 533 2673 657 2737; x_wconf 87' lang='lat' dir='ltr'><em>librarii</em></span> <span class='ocrx_word' id='word_1_54' title='bbox 671 2696 801 2758; x_wconf 88' lang='lat' dir='ltr'><em>peccare</em></span> <span class='ocrx_word' id='word_1_55' title='bbox 818 2676 902 2738; x_wconf 83' lang='lat' dir='ltr'><em>soliti</em></span> <span class='ocrx_word' id='word_1_56' title='bbox 921 2676 1004 2749; x_wconf 86' lang='lat' dir='ltr'><em>sint,</em></span> <span class='ocrx_word' id='word_1_57' title='bbox 1029 2685 1064 2740; x_wconf 93' lang='lat' dir='ltr'><em>ut</em></span> <span class='ocrx_word' id='word_1_58' title='bbox 1088 2676 1215 2740; x_wconf 87' lang='lat' dir='ltr'><em>latentia</em></span> <span class='ocrx_word' id='word_1_59' title='bbox 1239 2674 1363 2749; x_wconf 82' lang='lat' dir='ltr'><em>ulcera,</em></span> <span class='ocrx_word' id='word_1_60' title='bbox 1386 2692 1468 2757; x_wconf 84' lang='lat' dir='ltr'><em>quae</em></span> 
     </span>
     <span class='ocr_line' id='line_1_7' title="bbox 272 2774 1470 2862; baseline 0.001 -24"><span class='ocrx_word' id='word_1_61' title='bbox 272 2774 307 2840; x_wconf 89' lang='lat' dir='ltr'><em>iu</em></span> <span class='ocrx_word' id='word_1_62' title='bbox 322 2774 448 2860; x_wconf 89' lang='lat' dir='ltr'><em>optimis</em></span> <span class='ocrx_word' id='word_1_63' title='bbox 467 2774 638 2861; x_wconf 70' lang='lat' dir='ltr'><em>quibusque</em></span> <span class='ocrx_word' id='word_1_64' title='bbox 661 2776 863 2860; x_wconf 77' lang='lat' dir='ltr'><em>scriptoribus</em></span> <span class='ocrx_word' id='word_1_65' title='bbox 881 2778 1111 2855; x_wconf 73' lang='lat' dir='ltr'><em>inactuosum,</em></span> <span class='ocrx_word' id='word_1_66' title='bbox 1136 2776 1278 2862; x_wconf 75' lang='lat' dir='ltr'><em>saporius</em></span> <span class='ocrx_word' id='word_1_67' title='bbox 1301 2774 1470 2859; x_wconf 89' lang='lat' dir='ltr'><em>depreben-</em></span> 
     </span>
     <span class='ocr_line' id='line_1_8' title="bbox 276 2878 1472 2966; baseline 0 -20"><span class='ocrx_word' id='word_1_68' title='bbox 276 2881 361 2946; x_wconf 89' lang='lat' dir='ltr'><em>daut.</em></span> <span class='ocrx_word' id='word_1_69' title='bbox 399 2880 483 2947; x_wconf 90' lang='lat' dir='ltr'><em>llaec</em></span> <span class='ocrx_word' id='word_1_70' title='bbox 501 2878 665 2966; x_wconf 87' lang='lat' dir='ltr'><em>praelatus</em></span> <span class='ocrx_word' id='word_1_71' title='bbox 683 2881 828 2947; x_wconf 78' lang='lat' dir='ltr'><em>Monnras</em></span> <span class='ocrx_word' id='word_1_72' title='bbox 845 2882 881 2947; x_wconf 89' lang='lat' dir='ltr'><em>in</em></span> <span class='ocrx_word' id='word_1_73' title='bbox 906 2882 1010 2947; x_wconf 87' lang='lat' dir='ltr'><em>Variis</em></span> <span class='ocrx_word' id='word_1_74' title='bbox 1025 2880 1222 2948; x_wconf 89' lang='lat' dir='ltr'><em>Lectionibus</em></span> <span class='ocrx_word' id='word_1_75' title='bbox 1242 2881 1325 2949; x_wconf 86' lang='lat' dir='ltr'><em>XVl.</em></span> <span class='ocrx_word' id='word_1_76' title='bbox 1350 2883 1389 2947; x_wconf 86' lang='grc'><em>16</em></span> <span class='ocrx_word' id='word_1_77' title='bbox 1407 2880 1472 2947; x_wconf 87' lang='lat' dir='ltr'><em>exi·</em></span> 
     </span>
     <span class='ocr_line' id='line_1_9' title="bbox 212 2983 1471 3075; baseline -0.001 -23"><span class='ocrx_word' id='word_1_78' title='bbox 212 3000 216 3010; x_wconf 90' lang='lat'><em>·</em></span> <span class='ocrx_word' id='word_1_79' title='bbox 277 2987 359 3052; x_wconf 87' lang='lat' dir='ltr'><em>mias</em></span> <span class='ocrx_word' id='word_1_80' title='bbox 384 2985 540 3072; x_wconf 87' lang='lat' dir='ltr'><em>quasdam</em></span> <span class='ocrx_word' id='word_1_81' title='bbox 568 2987 746 3073; x_wconf 87' lang='lat' dir='ltr'><em>expromsit</em></span> <span class='ocrx_word' id='word_1_82' title='bbox 768 2986 1028 3065; x_wconf 84' lang='lat' dir='ltr'><em>emendationes,</em></span> <span class='ocrx_word' id='word_1_83' title='bbox 1059 3007 1140 3075; x_wconf 90' lang='lat' dir='ltr'><em>quas</em></span> <span class='ocrx_word' id='word_1_84' title='bbox 1173 3006 1212 3055; x_wconf 88' lang='lat' dir='ltr'><em>ex</em></span> <span class='ocrx_word' id='word_1_85' title='bbox 1240 2985 1388 3073; x_wconf 84' lang='lat' dir='ltr'><em>diligenti</em></span> <span class='ocrx_word' id='word_1_86' title='bbox 1418 2983 1471 3051; x_wconf 84' lang='lat' dir='ltr'><em>olr-</em></span> 
     </span>
     <span class='ocr_line' id='line_1_10' title="bbox 275 3092 1469 3180; baseline -0.003 -20"><span class='ocrx_word' id='word_1_87' title='bbox 275 3092 456 3160; x_wconf 82' lang='lat' dir='ltr'><em>servatione</em></span> <span class='ocrx_word' id='word_1_88' title='bbox 486 3099 632 3160; x_wconf 88' lang='lat' dir='ltr'><em>veterum</em></span> <span class='ocrx_word' id='word_1_89' title='bbox 663 3092 810 3159; x_wconf 88' lang='lat' dir='ltr'><em>codicum</em></span> <span class='ocrx_word' id='word_1_90' title='bbox 841 3113 903 3179; x_wconf 86' lang='lat' dir='ltr'><em>non</em></span> <span class='ocrx_word' id='word_1_91' title='bbox 930 3094 1052 3180; x_wconf 89' lang='lat' dir='ltr'><em>reperit</em></span> <span class='ocrx_word' id='word_1_92' title='bbox 1083 3101 1140 3160; x_wconf 88' lang='lat' dir='ltr'><em>ant</em></span> <span class='ocrx_word' id='word_1_93' title='bbox 1159 3092 1369 3179; x_wconf 83' lang='lat' dir='ltr'><em>excogitavit,</em></span> <span class='ocrx_word' id='word_1_94' title='bbox 1394 3110 1469 3159; x_wconf 88' lang='lat' dir='ltr'><em>nam</em></span> 
     </span>
     <span class='ocr_line' id='line_1_11' title="bbox 276 3195 1471 3283; baseline -0.001 -20"><span class='ocrx_word' id='word_1_95' title='bbox 276 3196 355 3263; x_wconf 92' lang='lat' dir='ltr'><em>haee</em></span> <span class='ocrx_word' id='word_1_96' title='bbox 378 3217 504 3283; x_wconf 58' lang='lat' dir='ltr'><em>quoqu</em></span> <span class='ocrx_word' id='word_1_97' title='bbox 534 3199 732 3278; x_wconf 71' lang='grc' dir='ltr'><em>πουλυμαθίη</em></span> <span class='ocrx_word' id='word_1_98' title='bbox 758 3198 821 3264; x_wconf 78' lang='grc' dir='ltr'><em>νόον</em></span> <span class='ocrx_word' id='word_1_99' title='bbox 851 3202 884 3267; x_wconf 82' lang='lat' dir='ltr'><em>ab</em></span> <span class='ocrx_word' id='word_1_100' title='bbox 905 3197 1065 3274; x_wconf 75' lang='lat' dir='ltr'><em>tubicen,</em></span> <span class='ocrx_word' id='word_1_101' title='bbox 1092 3198 1147 3264; x_wconf 90' lang='lat' dir='ltr'><em>sed</em></span> <span class='ocrx_word' id='word_1_102' title='bbox 1172 3205 1238 3265; x_wconf 80' lang='lat' dir='ltr'><em>tarn</em></span> <span class='ocrx_word' id='word_1_103' title='bbox 1257 3204 1363 3264; x_wconf 89' lang='lat' dir='ltr'><em>certas</em></span> <span class='ocrx_word' id='word_1_104' title='bbox 1382 3195 1471 3263; x_wconf 88' lang='lat' dir='ltr'><em>dedit</em></span> 
     </span>
     <span class='ocr_line' id='line_1_12' title="bbox 277 3302 1471 3391; baseline -0.002 -22"><span class='ocrx_word' id='word_1_105' title='bbox 277 3311 309 3377; x_wconf 87' lang='lat' dir='ltr'><em>et</em></span> <span class='ocrx_word' id='word_1_106' title='bbox 341 3302 543 3388; x_wconf 85' lang='lat' dir='ltr'><em>exploratas,</em></span> <span class='ocrx_word' id='word_1_107' title='bbox 577 3311 614 3370; x_wconf 90' lang='lat' dir='ltr'><em>nt</em></span> <span class='ocrx_word' id='word_1_108' title='bbox 645 3324 685 3370; x_wconf 94' lang='lat' dir='ltr'><em>ne</em></span> <span class='ocrx_word' id='word_1_109' title='bbox 717 3304 894 3371; x_wconf 79' lang='lat' dir='ltr'><em>Gunrnnnns</em></span> <span class='ocrx_word' id='word_1_110' title='bbox 926 3303 1057 3391; x_wconf 89' lang='lat' dir='ltr'><em>quidem</em></span> <span class='ocrx_word' id='word_1_111' title='bbox 1091 3303 1240 3371; x_wconf 88' lang='lat' dir='ltr'><em>dubitare</em></span> <span class='ocrx_word' id='word_1_112' title='bbox 1264 3304 1374 3391; x_wconf 87' lang='lat' dir='ltr'><em>possit.</em></span> <span class='ocrx_word' id='word_1_113' title='bbox 1421 3302 1471 3369; x_wconf 83' lang='lat' dir='ltr'>le</span> 
     </span>
     <span class='ocr_line' id='line_1_13' title="bbox 277 3407 1469 3498; baseline 0 -23"><span class='ocrx_word' id='word_1_114' title='bbox 277 3407 388 3475; x_wconf 88' lang='lat' dir='ltr'><em>eodem</em></span> <span class='ocrx_word' id='word_1_115' title='bbox 408 3407 668 3477; x_wconf 86' lang='lat' dir='ltr'><em>observationum</em></span> <span class='ocrx_word' id='word_1_116' title='bbox 688 3429 805 3495; x_wconf 83' lang='lat' dir='ltr'><em>genere</em></span> <span class='ocrx_word' id='word_1_117' title='bbox 826 3412 1020 3498; x_wconf 88' lang='lat' dir='ltr'><em>utquisque</em></span> <span class='ocrx_word' id='word_1_118' title='bbox 1042 3409 1220 3498; x_wconf 87' lang='lat' dir='ltr'><em>plurimum</em></span> <span class='ocrx_word' id='word_1_119' title='bbox 1243 3408 1357 3475; x_wconf 86' lang='lat' dir='ltr'><em>critica</em></span> <span class='ocrx_word' id='word_1_120' title='bbox 1378 3414 1469 3482; x_wconf 89' lang='lat' dir='ltr'><em>arte,</em></span> 
     </span>
    </p>
   </div>
   <div class='ocr_carea' id='block_1_4' title="bbox 162 3510 1470 3599">
    <p class='ocr_par' dir='ltr' id='par_1_4' title="bbox 162 3510 1470 3599">
     <span class='ocr_line' id='line_1_14' title="bbox 162 3510 1470 3599; baseline -0.007 -13"><span class='ocrx_word' id='word_1_121' title='bbox 162 3567 163 3586; x_wconf 45' lang='grc' dir='ltr'>ι</span> <span class='ocrx_word' id='word_1_122' title='bbox 277 3513 382 3580; x_wconf 90' lang='lat' dir='ltr'><em>idest</em></span> <span class='ocrx_word' id='word_1_123' title='bbox 408 3522 504 3580; x_wconf 89' lang='lat' dir='ltr'><em>acuto</em></span> <span class='ocrx_word' id='word_1_124' title='bbox 538 3515 658 3581; x_wconf 86' lang='lat' dir='ltr'><em>iudicio</em></span> <span class='ocrx_word' id='word_1_125' title='bbox 691 3522 723 3582; x_wconf 90' lang='lat' dir='ltr'><em>et</em></span> <span class='ocrx_word' id='word_1_126' title='bbox 752 3514 933 3583; x_wconf 88' lang='lat' dir='ltr'><em>eruditione</em></span> <span class='ocrx_word' id='word_1_127' title='bbox 958 3537 1035 3585; x_wconf 90' lang='lat' dir='ltr'><em>sana</em></span> <span class='ocrx_word' id='word_1_128' title='bbox 1060 3515 1183 3595; x_wconf 85' lang='lat' dir='ltr'><em>valuit,</em></span> <span class='ocrx_word' id='word_1_129' title='bbox 1205 3515 1249 3581; x_wconf 89' lang='lat' dir='ltr'><em>ita</em></span> <span class='ocrx_word' id='word_1_130' title='bbox 1271 3510 1442 3599; x_wconf 82' lang='lat' dir='ltr'><em>plurimas</em></span> <span class='ocrx_word' id='word_1_131' title='bbox 1458 3548 1470 3563; x_wconf 94' lang='lat'><em>·</em></span> 
     </span>
    </p>
   </div>
   <div class='ocr_carea' id='block_1_5' title="bbox 277 3616 1472 3708">
    <p class='ocr_par' dir='ltr' id='par_1_5' title="bbox 277 3616 1472 3708">
     <span class='ocr_line' id='line_1_15' title="bbox 277 3616 1472 3708; baseline -0.003 -23"><span class='ocrx_word' id='word_1_132' title='bbox 277 3618 383 3685; x_wconf 87' lang='lat' dir='ltr'><em>liciter</em></span> <span class='ocrx_word' id='word_1_133' title='bbox 408 3627 441 3686; x_wconf 89' lang='lat' dir='ltr'><em>el</em></span> <span class='ocrx_word' id='word_1_134' title='bbox 471 3620 635 3706; x_wconf 84' lang='lat' dir='ltr'><em>ingeniose</em></span> <span class='ocrx_word' id='word_1_135' title='bbox 668 3627 796 3708; x_wconf 86' lang='lat' dir='ltr'><em>reperta</em></span> <span class='ocrx_word' id='word_1_136' title='bbox 821 3630 886 3688; x_wconf 89' lang='lat' dir='ltr'><em>tam</em></span> <span class='ocrx_word' id='word_1_137' title='bbox 911 3631 999 3689; x_wconf 88' lang='lat' dir='ltr'><em>serta</em></span> <span class='ocrx_word' id='word_1_138' title='bbox 1024 3630 1055 3688; x_wconf 87' lang='lat' dir='ltr'><em>et</em></span> <span class='ocrx_word' id='word_1_139' title='bbox 1088 3619 1259 3687; x_wconf 81' lang='lat' dir='ltr'><em>manifesta</em></span> <span class='ocrx_word' id='word_1_140' title='bbox 1291 3616 1401 3693; x_wconf 88' lang='lat' dir='ltr'><em>dedit,</em></span> <span class='ocrx_word' id='word_1_141' title='bbox 1435 3624 1472 3683; x_wconf 87' lang='lat' dir='ltr'><em>nt</em></span> 
     </span>
    </p>
   </div>
   <div class='ocr_carea' id='block_1_6' title="bbox 160 3724 1471 3915">
    <p class='ocr_par' dir='ltr' id='par_1_6' title="bbox 160 3724 1471 3915">
     <span class='ocr_line' id='line_1_16' title="bbox 161 3724 1469 3813; baseline -0.002 -24"><span class='ocrx_word' id='word_1_142' title='bbox 161 3765 162 3768; x_wconf 58' lang='lat'><em>=</em></span> <span class='ocrx_word' id='word_1_143' title='bbox 278 3743 372 3789; x_wconf 87' lang='lat' dir='ltr'><em>nenro</em></span> <span class='ocrx_word' id='word_1_144' title='bbox 384 3725 426 3789; x_wconf 90' lang='lat' dir='ltr'><em>sit</em></span> <span class='ocrx_word' id='word_1_145' title='bbox 450 3724 582 3790; x_wconf 79' lang='lat' dir='ltr'><em>criticae</em></span> <span class='ocrx_word' id='word_1_146' title='bbox 601 3727 818 3791; x_wconf 81' lang='lat' dir='ltr'><em>emendatriois</em></span> <span class='ocrx_word' id='word_1_147' title='bbox 833 3734 866 3792; x_wconf 89' lang='lat' dir='ltr'><em>et</em></span> <span class='ocrx_word' id='word_1_148' title='bbox 882 3727 1230 3813; x_wconf 87' lang='lat' dir='ltr'><em>coniecturalis‚quam</em></span> <span class='ocrx_word' id='word_1_149' title='bbox 1251 3731 1380 3800; x_wconf 89' lang='lat' dir='ltr'><em>vocant,</em></span> <span class='ocrx_word' id='word_1_150' title='bbox 1401 3729 1469 3787; x_wconf 85' lang='lat' dir='ltr'><em>lanr</em></span> 
     </span>
     <span class='ocr_line' id='line_1_17' title="bbox 160 3826 1471 3915; baseline 0 -24"><span class='ocrx_word' id='word_1_151' title='bbox 160 3847 161 3862; x_wconf 48' lang='grc' dir='ltr'>ι</span> <span class='ocrx_word' id='word_1_152' title='bbox 276 3846 351 3892; x_wconf 90' lang='lat' dir='ltr'><em>acer</em></span> <span class='ocrx_word' id='word_1_153' title='bbox 376 3827 589 3905; x_wconf 85' lang='lat' dir='ltr'><em>obtrectator,</em></span> <span class='ocrx_word' id='word_1_154' title='bbox 610 3831 689 3915; x_wconf 89' lang='lat' dir='ltr'><em>quin</em></span> <span class='ocrx_word' id='word_1_155' title='bbox 710 3831 750 3895; x_wconf 92' lang='lat' dir='ltr'><em>iis</em></span> <span class='ocrx_word' id='word_1_156' title='bbox 773 3830 998 3898; x_wconf 89' lang='lat' dir='ltr'><em>lubentissime</em></span> <span class='ocrx_word' id='word_1_157' title='bbox 1019 3830 1187 3899; x_wconf 87' lang='lat' dir='ltr'><em>nobiscum</em></span> <span class='ocrx_word' id='word_1_158' title='bbox 1209 3838 1330 3897; x_wconf 88' lang='lat' dir='ltr'><em>utatur.</em></span> <span class='ocrx_word' id='word_1_159' title='bbox 1375 3826 1471 3891; x_wconf 76' lang='lat' dir='ltr'><em>»Cen-</em></span> 
     </span>
    </p>
   </div>
   <div class='ocr_carea' id='block_1_7' title="bbox 279 3930 1470 4016">
    <p class='ocr_par' dir='ltr' id='par_1_7' title="bbox 279 3930 1470 4016">
     <span class='ocr_line' id='line_1_18' title="bbox 279 3930 1470 4016; baseline -0.001 -19"><span class='ocrx_word' id='word_1_160' title='bbox 279 3942 345 3997; x_wconf 87' lang='lat' dir='ltr'><em>tum</em></span> <span class='ocrx_word' id='word_1_161' title='bbox 365 3932 530 3998; x_wconf 80' lang='lat' dir='ltr'><em>noluimum</em></span> <span class='ocrx_word' id='word_1_162' title='bbox 552 3933 685 4000; x_wconf 88' lang='lat' dir='ltr'><em>dirersis</em></span> <span class='ocrx_word' id='word_1_163' title='bbox 711 3936 827 4016; x_wconf 88' lang='lat' dir='ltr'><em>modis,</em></span> <span class='ocrx_word' id='word_1_164' title='bbox 858 3945 894 4003; x_wconf 87' lang='lat' dir='ltr'><em>ut</em></span> <span class='ocrx_word' id='word_1_165' title='bbox 927 3938 1040 4004; x_wconf 90' lang='lat' dir='ltr'><em>scribit</em></span> <span class='ocrx_word' id='word_1_166' title='bbox 1065 3937 1330 4011; x_wconf 79' lang='lat' dir='ltr'><em>Vnncnnnlnarns,</em></span> <span class='ocrx_word' id='word_1_167' title='bbox 1353 3934 1387 3998; x_wconf 90' lang='lat' dir='ltr'><em>in</em></span> <span class='ocrx_word' id='word_1_168' title='bbox 1410 3930 1470 3997; x_wconf 89' lang='lat' dir='ltr'><em>hoe</em></span> 
     </span>
    </p>
   </div>
   <div class='ocr_carea' id='block_1_8' title="bbox 158 4037 1470 4132">
    <p class='ocr_par' dir='ltr' id='par_1_8' title="bbox 158 4037 1470 4132">
     <span class='ocr_line' id='line_1_19' title="bbox 158 4037 1470 4132; baseline -0.004 -26"><span class='ocrx_word' id='word_1_169' title='bbox 158 4076 161 4132; x_wconf 71' lang='lat' dir='ltr'>f</span> <span class='ocrx_word' id='word_1_170' title='bbox 277 4056 404 4123; x_wconf 87' lang='lat' dir='ltr'><em>quoque</em></span> <span class='ocrx_word' id='word_1_171' title='bbox 424 4057 542 4123; x_wconf 83' lang='lat' dir='ltr'><em>genere</em></span> <span class='ocrx_word' id='word_1_172' title='bbox 569 4060 718 4109; x_wconf 86' lang='lat' dir='ltr'><em>summus</em></span> <span class='ocrx_word' id='word_1_173' title='bbox 737 4041 853 4109; x_wconf 83' lang='lat' dir='ltr'><em>artifex</em></span> <span class='ocrx_word' id='word_1_174' title='bbox 873 4043 919 4131; x_wconf 90' lang='lat' dir='ltr'><em>(in</em></span> <span class='ocrx_word' id='word_1_175' title='bbox 938 4043 1040 4109; x_wconf 86' lang='lat' dir='ltr'><em>Diotr.</em></span> <span class='ocrx_word' id='word_1_176' title='bbox 1067 4063 1097 4129; x_wconf 90' lang='lat' dir='ltr'><em>p.</em></span> <span class='ocrx_word' id='word_1_177' title='bbox 1124 4041 1225 4131; x_wconf 66' lang='lat'><strong>277),</strong></span> <span class='ocrx_word' id='word_1_178' title='bbox 1245 4046 1413 4127; x_wconf 85' lang='lat' dir='ltr'><em>peccarunt</em></span> <span class='ocrx_word' id='word_1_179' title='bbox 1433 4037 1470 4102; x_wconf 90' lang='lat' dir='ltr'><em>li·</em></span> 
     </span>
    </p>
   </div>
   <div class='ocr_carea' id='block_1_9' title="bbox 276 4143 1469 4551">
    <p class='ocr_par' dir='ltr' id='par_1_9' title="bbox 276 4143 1469 4551">
     <span class='ocr_line' id='line_1_20' title="bbox 277 4143 1468 4233; baseline 0.001 -25"><span class='ocrx_word' id='word_1_180' title='bbox 277 4143 377 4209; x_wconf 85' lang='lat' dir='ltr'><em>brorii</em></span> <span class='ocrx_word' id='word_1_181' title='bbox 398 4151 531 4223; x_wconf 72' lang='lat' dir='ltr'><em>netues,</em></span> <span class='ocrx_word' id='word_1_182' title='bbox 554 4166 631 4230; x_wconf 82' lang='lat' dir='ltr'><em>quos</em></span> <span class='ocrx_word' id='word_1_183' title='bbox 653 4168 758 4214; x_wconf 74' lang='lat' dir='ltr'><em>amires</em></span> <span class='ocrx_word' id='word_1_184' title='bbox 782 4150 816 4214; x_wconf 89' lang='lat' dir='ltr'><em>iu</em></span> <span class='ocrx_word' id='word_1_185' title='bbox 839 4157 1000 4214; x_wconf 81' lang='lat' dir='ltr'><em>rourueroto</em></span> <span class='ocrx_word' id='word_1_186' title='bbox 1023 4146 1168 4214; x_wconf 87' lang='lat' dir='ltr'><em>babuisse</em></span> <span class='ocrx_word' id='word_1_187' title='bbox 1188 4166 1336 4233; x_wconf 74' lang='lat' dir='ltr'><em>nruprrom</em></span> <span class='ocrx_word' id='word_1_188' title='bbox 1362 4143 1468 4232; x_wconf 75' lang='lat' dir='ltr'><em>adfert</em></span> 
     </span>
     <span class='ocr_line' id='line_1_21' title="bbox 277 4248 1468 4338; baseline 0.001 -24"><span class='ocrx_word' id='word_1_189' title='bbox 277 4248 352 4314; x_wconf 84' lang='lat' dir='ltr'><em>nitio</em></span> <span class='ocrx_word' id='word_1_190' title='bbox 373 4248 525 4315; x_wconf 88' lang='lat' dir='ltr'><em>librorum</em></span> <span class='ocrx_word' id='word_1_191' title='bbox 544 4251 745 4338; x_wconf 85' lang='lat' dir='ltr'><em>antiquorum</em></span> <span class='ocrx_word' id='word_1_192' title='bbox 768 4254 925 4319; x_wconf 81' lang='lat' dir='ltr'><em>sanatoris</em></span> <span class='ocrx_word' id='word_1_193' title='bbox 949 4252 1154 4320; x_wconf 84' lang='lat' dir='ltr'><em>utilitatem.&#39;’</em></span> <span class='ocrx_word' id='word_1_194' title='bbox 1201 4250 1321 4319; x_wconf 85' lang='lat' dir='ltr'><em>Deinde</em></span> <span class='ocrx_word' id='word_1_195' title='bbox 1342 4248 1382 4315; x_wconf 89' lang='lat' dir='ltr'><em>de</em></span> <span class='ocrx_word' id='word_1_196' title='bbox 1401 4268 1468 4315; x_wconf 88' lang='lat' dir='ltr'><em>ma·</em></span> 
     </span>
     <span class='ocr_line' id='line_1_22' title="bbox 278 4353 1469 4445; baseline 0 -27"><span class='ocrx_word' id='word_1_197' title='bbox 278 4373 342 4439; x_wconf 89' lang='lat' dir='ltr'><em>gna</em></span> <span class='ocrx_word' id='word_1_198' title='bbox 361 4354 452 4440; x_wconf 89' lang='lat' dir='ltr'><em>eopia</em></span> <span class='ocrx_word' id='word_1_199' title='bbox 476 4354 592 4442; x_wconf 86' lang='lat' dir='ltr'><em>triplex</em></span> <span class='ocrx_word' id='word_1_200' title='bbox 617 4376 764 4425; x_wconf 87' lang='lat' dir='ltr'><em>errorum</em></span> <span class='ocrx_word' id='word_1_201' title='bbox 792 4380 894 4445; x_wconf 85' lang='lat' dir='ltr'><em>genus</em></span> <span class='ocrx_word' id='word_1_202' title='bbox 919 4357 1040 4425; x_wconf 88' lang='lat' dir='ltr'><em>indicat</em></span> <span class='ocrx_word' id='word_1_203' title='bbox 1060 4365 1092 4424; x_wconf 87' lang='lat' dir='ltr'><em>et</em></span> <span class='ocrx_word' id='word_1_204' title='bbox 1114 4355 1269 4443; x_wconf 84' lang='lat' dir='ltr'><em>exemplis</em></span> <span class='ocrx_word' id='word_1_205' title='bbox 1288 4362 1356 4421; x_wconf 88' lang='lat' dir='ltr'><em>lam</em></span> <span class='ocrx_word' id='word_1_206' title='bbox 1378 4353 1469 4423; x_wconf 88' lang='lat' dir='ltr'><em>lucu·</em></span> 
     </span>
     <span class='ocr_line' id='line_1_23' title="bbox 276 4456 1466 4551; baseline -0.002 -26"><span class='ocrx_word' id='word_1_207' title='bbox 276 4458 373 4525; x_wconf 86' lang='lat' dir='ltr'><em>lentis</em></span> <span class='ocrx_word' id='word_1_208' title='bbox 396 4467 428 4525; x_wconf 87' lang='lat' dir='ltr'><em>et</em></span> <span class='ocrx_word' id='word_1_209' title='bbox 449 4462 547 4528; x_wconf 89' lang='lat' dir='ltr'><em>sertis</em></span> <span class='ocrx_word' id='word_1_210' title='bbox 567 4461 650 4529; x_wconf 88' lang='lat' dir='ltr'><em>hana</em></span> <span class='ocrx_word' id='word_1_211' title='bbox 672 4462 970 4551; x_wconf 88' lang='lat' dir='ltr'><em>palaeographicam</em></span> <span class='ocrx_word' id='word_1_212' title='bbox 984 4465 1141 4531; x_wconf 83' lang='lat' dir='ltr'><em>rationem</em></span> <span class='ocrx_word' id='word_1_213' title='bbox 1158 4461 1352 4541; x_wconf 74' lang='lat' dir='ltr'><em>confirmat,</em></span> <span class='ocrx_word' id='word_1_214' title='bbox 1372 4456 1438 4524; x_wconf 87' lang='lat' dir='ltr'><em>utl</em></span> <span class='ocrx_word' id='word_1_215' title='bbox 1455 4494 1466 4509; x_wconf 93' lang='lat'><strong>·</strong></span> 
     </span>
    </p>
   </div>
   <div class='ocr_carea' id='block_1_10' title="bbox 276 4563 1466 4715">
    <p class='ocr_par' dir='ltr' id='par_1_10' title="bbox 276 4563 1466 4715">
     <span class='ocr_line' id='line_1_24' title="bbox 276 4563 1466 4658; baseline -0.002 -27"><span class='ocrx_word' id='word_1_216' title='bbox 276 4564 336 4631; x_wconf 87' lang='lat' dir='ltr'><em>cile</em></span> <span class='ocrx_word' id='word_1_217' title='bbox 358 4565 472 4633; x_wconf 87' lang='lat' dir='ltr'><em>vicerit</em></span> <span class='ocrx_word' id='word_1_218' title='bbox 485 4567 568 4653; x_wconf 89' lang='lat' dir='ltr'><em>qnod</em></span> <span class='ocrx_word' id='word_1_219' title='bbox 589 4567 628 4633; x_wconf 89' lang='lat' dir='ltr'><em>ab</em></span> <span class='ocrx_word' id='word_1_220' title='bbox 652 4567 746 4635; x_wconf 87' lang='lat' dir='ltr'><em>initio</em></span> <span class='ocrx_word' id='word_1_221' title='bbox 766 4580 933 4658; x_wconf 84' lang='lat' dir='ltr'><em>posuerat:</em></span> <span class='ocrx_word' id='word_1_222' title='bbox 958 4571 991 4636; x_wconf 88' lang='lat' dir='ltr'><em>iu</em></span> <span class='ocrx_word' id='word_1_223' title='bbox 1011 4588 1071 4636; x_wconf 79' lang='lat' dir='ltr'><em>torto</em></span> <span class='ocrx_word' id='word_1_224' title='bbox 1098 4570 1176 4645; x_wconf 87' lang='lat' dir='ltr'><em>boc,</em></span> <span class='ocrx_word' id='word_1_225' title='bbox 1203 4568 1230 4634; x_wconf 87' lang='lat' dir='ltr'><em>si</em></span> <span class='ocrx_word' id='word_1_226' title='bbox 1254 4564 1323 4651; x_wconf 82' lang='lat' dir='ltr'><em>quis</em></span> <span class='ocrx_word' id='word_1_227' title='bbox 1351 4563 1395 4632; x_wconf 92' lang='lat' dir='ltr'><em>ito</em></span> <span class='ocrx_word' id='word_1_228' title='bbox 1418 4582 1466 4629; x_wconf 87' lang='lat' dir='ltr'><em>oc·</em></span> 
     </span>
     <span class='ocr_line' id='line_1_25' title="bbox 1236 4678 1245 4715; baseline 0 0"><span class='ocrx_word' id='word_1_229' title='bbox 1236 4678 1245 4715; x_wconf 90' lang='lat' dir='ltr'><em>l</em></span> 
     </span>
    </p>
   </div>
   <div class='ocr_carea' id='block_1_11' title="bbox 0 0 1892 5717">
    <p class='ocr_par' dir='ltr' id='par_1_11' title="bbox 0 0 1892 5717">
     <span class='ocr_line' id='line_1_26' title="bbox 0 0 1892 5717; baseline 0 0"><span class='ocrx_word' id='word_1_230' title='bbox 0 0 1892 5717; x_wconf 95' lang='lat' dir='ltr'><em> </em></span> 
     </span>
    </p>
   </div>
  </div>
 </body>
</html>
