3767 5717
972 638 1011 697 18

400 809 601 893 Quamquam
625 813 750 887 ceutum
775 814 824 873 est
846 807 945 873 Dares
962 816 1147 877 constanter
1169 830 1280 877 omnes
1301 832 1359 900 pm
1378 820 1466 893 ἡμεῖς
1490 813 1589 895 ἄμές,

399 933 459 1001 pro
483 915 568 992 ἄμᾶς
592 910 712 978 dixisse
734 913 819 993 ἄμθ,
846 933 1040 1000 quamquam
1071 924 1196 982 constat
1216 916 1365 985 librarios
1391 917 1456 983 illis
1479 916 1594 985 formis

400 1017 597 1085 substituere
616 1016 717 1083 solere
740 1017 859 1084 Atticos
878 1027 935 1085 aut
958 1018 1140 1087 Homericos
1162 1020 1270 1103 ἄμμες
1293 1032 1324 1090 et
1346 1022 1457 1103 ἄμμε,
1481 1030 1593 1089 tamen

398 1122 492 1189 uideo
511 1122 680 1210 plerosque
692 1143 803 1191 omnes
826 1124 965 1197 editores
982 1125 1077 1193 malle
1097 1147 1171 1194 cum
1193 1128 1358 1197 codicibus
1369 1148 1478 1195 enam
1492 1146 1591 1213 quam

399 1247 474 1292 cum
500 1229 625 1295 criticis
660 1249 735 1296 vena
767 1232 898 1297 sentire.
956 1230 1077 1299 Eadem
1108 1234 1191 1299 natio
1214 1242 1264 1299 est
1287 1236 1320 1299 in
1346 1234 1422 1315 ἄμίς
1458 1242 1491 1300 et
1519 1232 1592 1313 ὑμέ.Ι

398 1332 584 1401 Indubitata
611 1334 689 1402 haec
714 1344 813 1415 sunt,
840 1344 970 1416 tamen,
995 1345 1032 1403 ut
1056 1338 1205 1425 queritur
1228 1338 1424 1406 llmnouunus
1446 1339 1480 1405 in
1497 1360 1591 1425 prae-

401 1442 462 1526 fat.
491 1440 533 1504 ad
551 1439 742 1507 Psalteriam
767 1444 897 1509 »evidens
921 1443 996 1531 plus
1018 1446 1181 1531 antiquam
1204 1466 1341 1511 errorem
1361 1466 1456 1533 qaam
1479 1466 1592 1510 novom

401 1545 645 1612 emendationem
662 1548 775 1613 calere.
823 1548 1034 1616 Perlubentcr
1052 1551 1247 1618 Pnumncuus
1271 1550 1442 1636 Spartanos
1462 1548 1593 1617 inducit

402 1651 652 1733 λακωνίζοντας,
683 1653 823 1740 scalper
854 1654 1003 1721 librarios
1033 1676 1095 1721 non
1125 1656 1228 1722 licuit.
1277 1656 1447 1723 Pmsnauux
1473 1656 1594 1722 oratori

403 1755 526 1836 Attico,
561 1759 617 1844 qui
651 1758 910 1826 Lacedaemonios
942 1762 1077 1840 ἄμαθεθς
1115 1761 1338 1848 appellitauat,
1364 1764 1471 1845 ὀρθῶς,
1508 1760 1592 1845 ἔφη,

401 1862 533 1942 λέγεις,
550 1864 634 1944 μθνοι
654 1865 717 1948 γὰρ
730 1869 886 1944 Ἑλλήνων
906 1864 1037 1947 ἄμμες
1058 1868 1141 1935 οὐδὲν
1162 1868 1256 1933 κακὸν
1276 1869 1507 1947 μεμαθήκαμεν
1519 1868 1592 1950 παρ’

402 1970 486 2047 ὑμῶν
517 1990 567 2057 ap.
602 1971 693 2036 Pnun.
727 1975 759 2035 in
793 1970 930 2059 lycurp.
956 1974 1023 2040 XX.
1055 1994 1156 2039 unum
1188 1973 1380 2039 vocabulum
1403 1973 1505 2039 evasit
1536 1970 1593 2038 sed

403 2095 468 2141 non
487 2076 558 2141 sine
576 2076 676 2142 malo:
690 2074 827 2143 ridicule
851 2097 937 2144 nunc
959 2078 1165 2145 Homericum
1189 2076 1298 2159 ἄμμες
1319 2078 1475 2145 inseritur
1485 2076 1593 2143 verbis

404 2179 540 2247 Atticis:
563 2181 648 2261 μίνοι
672 2181 745 2264 pola
764 2183 947 2262 Ἑλλᾶνιον,
971 2184 1118 2261 dixerat,
1146 2184 1241 2263 ἄμὲς
1265 2184 1348 2251 οὐδὲν
1375 2184 1469 2249 κακὸν
1488 2206 1592 2262 μεμα·

403 2288 541 2369 θθιιαμες
566 2290 629 2371 παρ
654 2288 764 2369 ὑμέων.
819 2289 993 2355 Notissima
1028 2288 1253 2374 Spartanorum
1281 2287 1442 2357 cantilena
1462 2288 1538 2354 ibid.
1563 2307 1591 2353 c.

403 2392 477 2459 XXI
492 2394 680 2461 etiamnunc
703 2396 750 2460 sic
773 2394 901 2461 editur:

603 2502 735 2581 Ἀμμες
758 2502 829 2567 ποκ’
853 2500 930 2579 ἦμες
954 2497 1082 2580 ἄλκιμοι
1105 2500 1233 2567 νεανίαι.

605 2604 715 2686 ἄμμες
738 2607 771 2672 δέ
794 2609 827 2686 μ’
851 2604 948 2685 εἰμέν.
972 2606 1005 2671 nt
1030 2606 1061 2671 δὲ
1084 2614 1143 2688 λῇς
1166 2613 1275 2688 necnec
1298 2602 1395 2683 λαβί.

607 2711 716 2794 ἄμμες
740 2713 772 2780 δέ
794 2715 828 2793 γ’
852 2711 1027 2791 ἐσσόμεσθα
1052 2712 1158 2795 πολλῷ
1182 2709 1332 2793 κᾶρρονες.

403 2818 495 2903 quasi
515 2838 670 2905 umquam
699 2818 746 2885 sie
772 2818 942 2905 quuisquam
967 2816 1197 2882 Lacedaemone
1217 2822 1301 2881 esset
1320 2813 1457 2881 locutus.
1490 2812 1593 2893 Quam

402 2942 496 3010 saepe
516 2925 601 3010 apud
626 2926 827 2989 Pnumncaun
847 2923 985 2987 Laconas
1008 2924 1041 2997 νὴ
1067 2924 1108 2985 τὼ
1134 2921 1186 2985 oni
1206 2928 1281 2994 aut,
1304 2917 1388 3006 quod
1413 2918 1514 2983 multo
1536 2938 1593 3005 pe·

405 3027 458 3093 ius
475 3036 543 3104 est,
568 3030 602 3103 nn
622 3032 664 3095 τὼ
687 3029 742 3093 θεώ
766 3028 885 3092 hahent
909 3028 942 3091 in
964 3046 1038 3103 one,
1073 3044 1172 3111 quum
1194 3032 1320 3090 certum
1342 3026 1384 3090 sit
1413 3032 1445 3091 et
1471 3024 1592 3089 dixisse

405 3131 477 3197 illos
501 3141 533 3199 et
557 3134 760 3200 Pnunsncnun
786 3132 974 3219 scripsisse:
996 3130 1044 3195 val
1075 3137 1118 3200 τὼ
1150 3132 1214 3200 σιώ.
1271 3130 1376 3197 Unum
1402 3129 1507 3197 locum
1542 3128 1595 3195 ad·

408 3236 481 3303 dam
506 3240 632 3305 exuite
656 3240 832 3305 Alemanni
864 3259 933 3323 cap.
955 3237 1019 3303 XL.
1066 3235 1181 3303 Λᾶκιον
1205 3236 1399 3318 πρεσβευτὴς
1422 3235 1596 3318 ταραμενί-

405 3368 496 3424 μενος
525 3347 610 3427 αὐτῷ
641 3345 755 3411 λέοντα
782 3343 1023 3425 καταβᾶλλοντι
1047 3342 1153 3423 μέγαν
1182 3339 1270 3409 εἴτε·
1295 3348 1399 3415 καλῶς
1421 3366 1479 3420 γε,
1505 3340 1596 3408 Ἀλί-

405 3449 536 3533 ξανδμε,
566 3452 638 3532 πρὸς
662 3452 714 3517 τὸν
737 3451 850 3517 λέοντα
881 3452 1030 3528 ἠγώνισαι
1059 3451 1126 3531 ampl
1157 3450 1216 3523 τᾶς
1240 3448 1429 3530 βασιλείας,
1454 3467 1519 3514 una
1542 3466 1595 3512 vo·

409 3557 504 3634 cula,
533 3557 566 3622 in
598 3576 662 3643 qua
684 3561 846 3623 'accentus
871 3563 997 3623 tautum
1020 3554 1213 3641 depravatus
1245 3562 1315 3633 est,
1339 3553 1496 3619 indicium
1520 3551 1598 3619 lacit

407 3663 541 3730 Laconis
575 3683 635 3729 sua
658 3662 768 3749 lingua
796 3661 977 3749 loquentis,
1005 3680 1080 3727 nam
1102 3660 1169 3744 περὶ
1195 3664 1255 3735 τᾶς
1281 3660 1450 3739 βασιλείας
1482 3679 1594 3727 verum

406 3790 476 3837 esse
495 3770 599 3858 palam
625 3778 684 3837 est.
720 3770 832 3857 ltaque
856 3767 1070 3855 reliquaalim
1091 3768 1138 3833 sio
1162 3766 1284 3854 scripta
1308 3764 1458 3832 luerunt:
1483 3765 1595 3832 τοττὸν

405 3877 519 3944 λέοντα
541 3874 692 3956 ἄνᾶνιξαι
717 3876 784 3958 περὶ
808 3880 868 3950 τοῖς
891 3874 1072 3953 βασιλείας.

453 3983 588 4049 Ilativus
606 3982 805 4045 Baniensium
823 3982 901 4058 ἄμῖν
923 4000 985 4043 mm
1010 3977 1141 4043 meliore
1159 3975 1289 4042 lortuna
1312 3979 1361 4043 uti
1374 3977 1475 4053 solet,
1500 3983 1538 4041 ut
1561 3976 1595 4039 in

407 4089 500 4155 Paua.
529 4086 647 4174 Apesil.
682 4094 750 4172 cap.
772 4085 811 4151 ΙΙ.
844 4088 876 4150 οὐ
900 4083 964 4166 adep
994 4083 1140 4162 βασιλεῖς
1169 4080 1272 4162 ἄμμιν
1296 4083 1385 4149 ἄλλα
1416 4080 1597 4160 βασιλείδια

406 4193 571 4276 pecuniosi,
595 4191 651 4258 ubi
675 4193 752 4273 ἄμῖν
771 4199 803 4257 et
828 4197 977 4270 γεννασεῖ
998 4186 1217 4275 reponendum
1242 4189 1418 4274 eademque
1437 4181 1596 4249 medicina
1643 4212 1646 4221 ·

405 4301 527 4390 passim
549 4302 581 4364 in
604 4299 714 4365 eodem
741 4297 850 4363 morbo
871 4292 1039 4361 utendum.

454 4406 502 4473 Ad
533 4405 690 4473 Snouunon
714 4411 746 4471 et
766 4401 975 4488 Appendicem
998 4398 1215 4466 Florentinam
1246 4398 1351 4467 redeo.
1411 4394 1448 4459 ln
1479 4390 1597 4455 Aeonu-

407 4534 464 4578 τις
487 4512 555 4578 loco
581 4510 641 4577 suh
664 4510 794 4574 initium
827 4506 978 4573 mendum
1001 4506 1080 4573 latet
1103 4506 1136 4570 in
1159 4504 1230 4570 his:
1266 4499 1389 4567 καττᾶν
1413 4497 1520 4581 ἔφεσιν
1537 4498 1597 4569 τᾶς

398 4618 521 4700 σοφίας
547 4618 599 4684 lade
624 4615 747 4685 ταύταν
772 4635 801 4700 p.
828 4618 916 4691 741,
939 4619 970 4679 5.
1003 4612 1054 4679 διᾶ
1086 4610 1209 4677 ταύταν
1230 4605 1367 4691 intelligi
1392 4625 1454 4671 non
1479 4608 1594 4691 polest.

408 4723 572 4811 Sapientia
600 4724 638 4789 ab
667 4744 699 4788 se
728 4724 796 4809 apsa
819 4720 940 4787 dicitur
962 4718 1158 4807 expetenda:
1193 4710 1326 4780 emenda
1352 4711 1453 4811 igitun
1476 4709 1514 4775 δι’
1545 4712 1598 4777 αθ-
