3767 5717
968 555 1035 622 ³12

412 734 493 820 ulios
506 761 671 832 errantes,
692 766 769 814 nom
787 757 855 813 eret
875 745 991 824 inuecti
1014 748 1173 826 νννιίθεια,
1199 771 1283 840 quoe
1304 751 1376 819 vtro
1396 749 1589 820 Mtttttnno

412 882 488 926 cum
524 859 633 926 moltis
668 855 737 921 eliis
774 854 859 922 ritiis
893 865 969 919 nato
1004 864 1061 920 est.
1117 853 1306 922 llnnnuonn
1339 854 1436 925 Sron.
1467 857 1589 926 Floret.

411 964 530 1034 cxlss.
562 969 612 1032 ll.
669 982 680 991 ”
878 1034 882 1043 ,

633 1069 677 1150 τῷ
701 1068 759 1148 μὲν
783 1067 818 1133 τθ
843 1071 937 1144 σῶμα
961 1064 1176 1150 διατεθειρθνςο
1201 1073 1303 1142 κακῶς

633 1172 728 1255 χρεία
751 1173 792 1241 ’τ’
815 1171 938 1251 ἰατροῦ,
962 1172 1005 1251 τῷ
1029 1171 1060 1235 δὲ
1084 1175 1140 1246 τὴν
1164 1176 1273 1254 ψυχὴν
1297 1173 1405 1258 Φίλον.

409 1277 565 1375 paulatim
596 1277 636 1344 sd
668 1300 779 1344 omnes
802 1275 948 1367 pervenit
968 1286 1019 1354 et,
1050 1276 1137 1366 quod
1156 1278 1247 1368 peius
1267 1291 1333 1358 est,
1352 1277 1436 1346 hono
1456 1301 1588 1370 quoquo

408 1387 514 1454 labem
547 1383 717 1452 Veteribus
745 1383 906 1448 effricant:
937 1380 971 1445 in
995 1378 1167 1449 Isocnsrts
1187 1385 1392 1452 Archidamo
1412 1391 1430 1474 §
1450 1389 1503 1451 39.
1524 1408 1585 1477 pro

408 1495 479 1565 τοὺς
503 1495 678 1569 πολεμικῶς
701 1488 910 1567 διακειμένους
931 1497 1007 1551 sunt
1024 1487 1080 1577 qui
1101 1490 1345 1567 διατεθειμένονς
1365 1492 1514 1558 scribunt.
1547 1489 1587 1557 ln

316 1678 320 1684 ἱ
409 1596 646 1664 thornouns
672 1595 821 1661 Hierone
847 1591 909 1670 lx,
932 1594 985 1658 11.
1015 1615 1109 1658 nemo
1139 1593 1247 1660 credet
1272 1617 1384 1662 sonum
1408 1619 1475 1663 esse
1493 1619 1586 1688 posse

409 1705 435 1770 ri
456 1705 488 1770 δὲ
511 1702 628 1786 Φοβεῖ,
658 1701 703 1778 μὴ
732 1702 769 1764 ἐν
794 1707 923 1770 πολλοῖς
949 1695 1051 1762 ι’ίθλαν
1074 1700 1313 1780 προτεθειμένον
1337 1702 1455 1768 τολλαὶ
1481 1701 1586 1768 lnoci-

409 1831 460 1873 ναι
492 1807 685 1886 γίγνωνται,
718 1803 773 1870 sed
798 1801 947 1869 emendet
979 1802 1041 1867 ε’·τὶ
1067 1814 1196 1877 πολλοῖς
1226 1804 1327 1870 α’ίθλοον
1351 1807 1585 1888 προτιθεμένων.

410 1910 524 2002 Neque
547 1911 580 1977 in
608 1910 853 1976 Aulsrot’unrtts
877 1909 1058 1998 fragmento
1081 1909 1167 1999 epod
1191 1909 1371 1978 Pontucurt
1393 1910 1448 1977 IX.
1471 1913 1524 1978 36.

610 2014 754 2097 ἄμφοδον
778 2017 873 2095 ἐχρῆν
897 2011 982 2093 αὐτῷ
1006 2013 1199 2080 τεθεῖσθαι
1222 2015 1360 2097 τοῦνομα
1399 2067 1402 2072 .

410 2118 522 2186 dubito
546 2118 717 2186 emendare
739 2119 887 2185 τίθεσθαι.

455 2225 530 2292 Non
559 2225 632 2291 sotis
656 2222 816 2315 perspexit
836 2222 1007 2288 Locutus
1027 2222 1293 2293 consuetudinem
1316 2225 1454 2308 Atticam
1474 2225 1587 2306 iniis,
1617 2225 1622 2244 ⁸

409 2331 505 2422 quale
532 2342 580 2398 est
609 2336 670 2410 23,
697 2337 728 2411 3.
761 2329 779 2394 θ
804 2353 834 2394 τι
865 2351 922 2410 τερ
952 2331 987 2394 τὸ
1014 2329 1190 2412 κεφοίλαιον
1213 2335 1326 2416 ἀρετῆς
1356 2330 1501 2418 cincinno,
1530 2344 1586 2399 cut

410 2443 470 2518 45,
481 2442 534 2505 24.
552 2438 588 2503 τθ
603 2435 779 2522 κεφάλαιον
796 2430 855 2499 θτι
877 2458 934 2515 τερ
949 2458 985 2502 ες

408 2540 427 2609 θ’
446 2568 477 2609 τι
499 2568 556 2625 τερ
576 2543 611 2608 τὸ
635 2540 812 2623 κεφοίλαιον
835 2539 912 2603 αὐτὸ
940 2537 976 2616 ἐξ
997 2538 1112 2614 insinno
1137 2542 1354 2626 προαιρέσεως,
1375 2554 1431 2608 out
1455 2546 1584 2625 71,1o.

407 2644 476 2714 ίτι
506 2673 563 2732 τερ
592 2650 628 2715 τὸ
652 2646 830 2730 κεφοίλαιον
857 2645 894 2722 ἐξ
920 2642 1036 2720 inrisos
1062 2645 1218 2726 αἱρέσεως.
1266 2646 1423 2716 Similiter
1451 2653 1586 2728 49,16.

407 2749 428 2819 θ’
444 2777 476 2818 τι
494 2778 551 2837 τερ
573 2755 609 2818 τὸ
630 2749 844 2834 τνρωδέςατθν
864 2751 946 2824 ἕςιν,
968 2760 1000 2814 et
1018 2753 1145 2828 66,22.
1165 2753 1200 2830 ἐξ
1214 2754 1342 2832 dereiner
1367 2757 1492 2832 sinteino
1515 2753 1534 2822 θ
1551 2778 1582 2821 τι

407 2883 465 2941 τερ
492 2860 528 2925 τθ
550 2857 773 2939 θνθηρθτατον,
810 2855 842 2921 in
872 2853 921 2920 his
951 2855 1101 2922 omnibus
1127 2858 1213 2925 mole
1233 2859 1271 2925 τί
1295 2859 1419 2927 eddidit
1439 2873 1471 2928 et
1491 2859 1579 2926 αθτθ.

408 2963 509 3030 Attici
539 2961 688 3029 dicebant
717 2957 782 3027 ὅτι
802 2985 859 3042 τερ
884 2959 1082 3042 κεφοίλαιον,
1106 2958 1173 3028 θτι
1195 2989 1252 3047 τερ
1271 2965 1403 3049 θφελος,
1429 2961 1494 3031 θτι
1523 2989 1582 3046 τερ

406 3067 514 3145 ἄνθος,
539 3065 558 3134 θ’
568 3092 599 3133 τι
620 3091 677 3149 τερ
693 3065 909 3132 δυνατώτατον
925 3063 995 3130 sim.
1042 3063 1148 3132 Nemo
1167 3090 1320 3161 umquem
1341 3068 1390 3135 his
1409 3068 1512 3136 verbis
1532 3069 1583 3134 fn-

407 3175 509 3240 cetios
537 3195 609 3239 usus
629 3183 676 3238 est
693 3193 790 3261 quom
812 3170 977 3248 oureus,
997 3169 1054 3259 qui
1074 3172 1104 3234 ἐν
1126 3175 1245 3251 Δήμοις
1268 3172 1427 3265 principes
1447 3174 1522 3240 olim
1544 3173 1579 3238 in

407 3303 474 3370 rep.
490 3279 573 3346 uiros
593 3280 626 3344 in
648 3298 776 3343 scenam
797 3273 978 3366 producens
994 3274 1100 3339 nescio
1121 3298 1215 3366 quem
1238 3278 1277 3343 od
1299 3300 1387 3357 eum,
1407 3279 1462 3367 qui
1481 3278 1581 3343 Pum-

409 3403 498 3452 cm
516 3385 641 3451 enormi
663 3385 769 3475 eapite
789 3383 946 3472 insignem
966 3381 1163 3462 adduxisset,
1186 3383 1347 3451 dicentem
1372 3384 1465 3450 feeit:

605 3487 624 3555 θ
642 3514 672 3555 τι
695 3513 753 3570 τερ
775 3489 954 3570 κεφάλαιον
976 3493 1036 3552 τῶν
1061 3486 1197 3554 necnon
1221 3490 1358 3569 ἤγαγες.

322 3624 326 3630 ·
406 3594 494 3687 npud
513 3595 615 3661 reor.
626 3595 659 3662 in
670 3595 805 3660 Pericle
815 3614 885 3682 cop.
895 3597 926 3657 3.
947 3589 1042 3657 Certe
1058 3591 1136 3658 hoec
1154 3606 1201 3659 est
1221 3594 1323 3660 forma
1342 3593 1361 3660 θ
1372 3619 1402 3661 τι
1422 3619 1494 3676 τερ,
1515 3617 1580 3660 non

405 3698 424 3768 θ
435 3725 466 3768 τι
486 3713 540 3768 out
561 3699 645 3782 θτερ.
693 3699 795 3765 Recte
813 3699 1001 3765 Futrzscntt
1020 3697 1053 3763 in
1079 3701 1129 3778 17,
1141 3704 1195 3766 39.
1219 3700 1361 3792 reposuit
1379 3697 1398 3765 θ
1412 3724 1443 3765 τι
1465 3725 1521 3782 τερ
1546 3695 1581 3776 ἦν

405 3809 614 3887 νοτιμθτατον
642 3826 701 3895 pro
721 3803 796 3886 θτερ
817 3800 870 3880 ἦν,
899 3815 932 3870 et
953 3803 1170 3870 Tnuorotutts
1188 3805 1246 3873 IV.
1271 3811 1342 3872 133.
1370 3828 1436 3871 non
1457 3805 1581 3896 scripsit

405 3906 425 3975 ί
440 3934 470 3974 τι
494 3904 528 3984 ἦν
547 3911 649 3972 αὐτῶν
671 3908 759 3980 ἴονθος
774 3909 942 3973 οίτιολθλει
962 3905 1016 3973 sed
1040 3905 1100 3973 θτι
1123 3933 1179 3990 τερ
1199 3905 1252 3986 ἦν,
1278 3923 1314 3976 ut
1333 3910 1449 3978 orons
1472 3909 1583 3977 Orsen

404 4012 543 4078 imitatio
563 4011 673 4092 docet,
692 4036 789 4103 quem
809 4012 962 4078 indicarit
979 4012 1222 4082 Housmam
1235 4015 1373 4082 Luctstt.
1386 4015 1420 4081 Τ.
1432 4013 1582 4106 t.p.171.

405 4116 444 4184 ln
465 4117 614 4183 Timonis
634 4118 722 4198 loco,
746 4141 844 4208 quem
864 4117 1004 4183 illustrat
1025 4122 1063 4196 5,
1084 4125 1136 4184 ts5.
1159 4121 1370 4202 propinarem
1395 4121 1445 4186 siri
1466 4123 1505 4194 ὡς
1528 4122 1582 4186 τὸν

404 4226 592 4289 πλακοῦντα
622 4220 691 4289 θλον
725 4225 743 4300 ἢ
773 4225 826 4289 τὸν
856 4228 912 4288 σῦν
941 4221 1032 4302 μθνος
1062 4229 1121 4288 τῶν
1144 4221 1250 4291 ἄλλον
1276 4225 1392 4306 λοίβοι,
1423 4223 1442 4292 δ’
1461 4249 1491 4290 τι
1519 4251 1577 4310 τερ

404 4329 550 4410 λιχνείας
570 4330 622 4394 καὶ
639 4329 803 4406 sinendos
818 4326 949 4410 ὄφελος,
974 4327 1104 4405 μέθντος
1125 4327 1178 4393 καὶ
1196 4327 1351 4416 τοίροινος,
1376 4331 1424 4398 vir
1445 4355 1580 4423 mugnus

405 4435 550 4502 Luctsttt
568 4435 666 4528 ipsius
684 4434 763 4501 vitio
782 4455 848 4500 non
870 4432 1029 4498 intellexit
1049 4432 1129 4523 quid
1150 4447 1232 4501 esset
1256 4434 1274 4500 θ
1295 4460 1325 4503 τι
1349 4463 1405 4519 τερ
1431 4439 1577 4521 λιχνείας

406 4541 460 4607 καί
479 4543 642 4619 detectas
666 4541 780 4626 θφελος
798 4539 990 4631 poteritque
1007 4561 1074 4606 esse
1096 4561 1241 4606 »οατιιοα
1259 4563 1392 4621 rerum,
1415 4567 1501 4632 quae
1517 4567 1582 4635 gn·

406 4647 463 4712 ίαο
488 4645 792 4736 helluonntr'om'que
813 4650 1004 4714 inserviunt
1032 4647 1341 4716 delicatissimum.”
1376 4648 1582 4739 Significatur
