3767 5717
826 644 867 709 29

268 814 386 883 Orator
412 823 497 883 acad
532 826 681 903 posuerat
706 836 764 903 pro
793 820 923 896 ooccbo,
954 820 985 883 in
1010 818 1149 885 secunda
1174 828 1264 907 parte
1298 817 1359 883 loci
1394 831 1458 883 noa

270 933 440 989 senserunt
464 922 549 988 idenr
573 922 656 987 dici:
681 924 789 1007 itaque
813 927 860 989 sic
880 924 976 1011 vulgo
999 924 1118 1009 legitur
1141 922 1164 1013 §
1186 928 1252 999 67,
1277 927 1382 989 οὐκοῦν
1402 924 1454 988 καὶ

266 1031 363 1095 ἀὐτὸν
387 1031 459 1108 ὑμῖν
494 1028 650 1093 καλέσω
674 1028 726 1093 ria
747 1032 977 1112 Ἡγήσανδρον,
1009 1030 1163 1111 γέγραφα
1181 1030 1206 1094 δ’
1230 1031 1314 1111 αὐτῷ
1337 1052 1455 1109 μαρτυ-

267 1135 335 1215 ρίαν
366 1133 573 1214 κοσμιωτέραν
601 1133 658 1211 μὲν
683 1133 701 1207 ἢ
725 1138 796 1199 κατ’
820 1137 953 1211 ἐκεῖνον,
982 1138 1078 1217 μικρῷ
1112 1136 1142 1199 δὲ
1172 1133 1350 1217 σαφεςέραν
1371 1132 1388 1211 ἢ
1412 1134 1455 1215 σῷ

267 1240 432 1322 Μισγόλα.
467 1243 522 1304 οὐκ
543 1240 645 1315 decoci
673 1237 699 1301 δ’
726 1234 772 1303 ἔτι
803 1241 975 1317 ἀπομεῖται
999 1241 1051 1305 καὶ
1073 1242 1253 1321 ἐπιορκήσει.
1278 1239 1328 1303 διοὶ
1351 1238 1384 1303 al
1406 1232 1457 1305 oda

266 1344 360 1408 αὐτὸν
384 1351 487 1409 καλῶ
512 1343 562 1409 iaci
589 1345 643 1416 τὴν
666 1344 855 1425 expropriem
877 1341 913 1408 ἵν’
938 1347 1009 1423 ὑμῖν
1033 1344 1171 1422 ἐπιδείξω
1194 1347 1258 1410 κτὲ.
1306 1342 1368 1423 Qui
1393 1361 1457 1407 nou

154 1480 162 1495 ·
267 1449 367 1512 sentit
398 1456 484 1515 καλῶ
514 1446 661 1511 ictorum
684 1467 772 1523 esse,
800 1447 880 1512 nihil
913 1468 1067 1535 uniquam
1098 1449 1137 1515 de
1166 1468 1282 1537 genere
1307 1446 1365 1513 boc
1387 1465 1457 1513 sen·

268 1552 349 1630 tiet,
373 1548 406 1616 al
430 1553 571 1617 librariis
601 1559 632 1617 et
656 1552 762 1617 sciolis
787 1552 868 1618 nihil
887 1553 1047 1631 suboluit,
1071 1555 1178 1640 itaque
1197 1554 1286 1641 prins
1309 1556 1395 1618 καλῶ
1415 1550 1456 1616 ad

268 1674 361 1721 suam
393 1655 658 1723 consuetudinem
691 1666 898 1735 revocarunt,
930 1659 1067 1725 alterum
1096 1658 1296 1747 reliquerunt
1325 1653 1457 1722 inviola-

267 1769 349 1827 tum.
399 1760 433 1825 Si
455 1760 636 1825 laceratio
665 1759 824 1827 constabit
854 1770 999 1847 potestne
1034 1764 1170 1831 certiore
1201 1762 1319 1827 indicio
1341 1760 1457 1827 confir·

265 1866 347 1931 mari
372 1866 405 1930 id
432 1865 515 1951 qnod
537 1872 650 1951 suapte
673 1872 792 1931 natura
815 1867 895 1931 satis
918 1875 988 1933 erat
1011 1877 1158 1946 certum,
1182 1888 1276 1933 unam
1300 1885 1371 1933 esse
1395 1864 1455 1930 lor·

264 1990 351 2037 mam
377 1972 410 2035 in
437 1990 514 2047 usu,
538 1990 601 2035 non
622 1971 717 2046 dnos,
742 1972 859 2057 quibus
891 1992 950 2037 suo
973 1971 1132 2039 arbitratu
1157 1970 1252 2038 Attici
1272 1970 1456 2061 promiscue

265 2084 446 2143 uterentur.
495 2076 684 2155 Praeterea,
718 2076 842 2162 siquis
871 2076 929 2143 bos
959 2076 1044 2143 locos
1067 2078 1253 2163 diligentius
1285 2074 1456 2161 inspiciet,

264 2182 297 2245 io
319 2180 433 2246 multis
455 2181 672 2267 corruptelam
697 2182 826 2247 subesse
846 2184 945 2249 etiarn
972 2183 1044 2249 aliis
1067 2182 1195 2251 indiciis
1218 2178 1455 2271 deprehendet,

263 2284 363 2352 veluti
379 2287 413 2350 in
436 2285 547 2351 basina
572 2286 986 2376 orationexv111.-§ar,
1010 2293 1063 2357 oia
1091 2290 1174 2371 ἔχοι,
1197 2284 1219 2355 ὦ
1242 2286 1346 2371 ἄνδρες
1370 2286 1455 2352 δικα-

264 2393 337 2470 ςαί,
367 2388 510 2465 οὕστινας
543 2392 742 2470 δεησομένους
769 2395 843 2476 ὑπὲρ
867 2398 952 2472 ἡμῶν
974 2394 1216 2475 ἀναβιβάσομαι
1227 2444 1238 2475 ,
1264 2392 1316 2461 ubi
1339 2392 1455 2473 οὶναβι·

264 2497 441 2577 (laicanae,
465 2506 501 2563 ut
522 2498 655 2582 opinor,
678 2506 729 2564 est
745 2499 974 2567 necessarium.
1425 2494 1429 2512 '

312 2602 424 2685 ltaque
453 2602 486 2665 in
526 2600 663 2665 Mosarna
691 2610 725 2667 et
756 2604 937 2680 Atticistis,
970 2606 996 2669 si
1030 2605 1102 2689 quis
1128 2624 1239 2669 eorum
1276 2604 1456 2691 praeceptis

269 2707 316 2769 sic
351 2705 400 2769 uli
422 2705 526 2779 volet,
550 2707 716 2789 egregium
752 2717 899 2792 paratum
921 2709 984 2775 erit
1016 2709 1126 2775 Atticis
1149 2708 1367 2797 praesidium,
1392 2728 1455 2773 non

270 2828 334 2894 quo
353 2808 469 2874 melius
497 2808 737 2894 intelligantur,
760 2812 815 2877 sod
842 2832 904 2899 quo
927 2813 1079 2879 eluantur
1107 2812 1217 2879 sordes
1239 2814 1376 2879 nitorem
1400 2812 1456 2877 At·

270 2914 349 2979 tiene
379 2916 556 2981 venustatis
589 2915 806 2982 obscurantes.
851 2918 1034 2985 Cavendum
1058 2928 1166 2987 autem
1198 2918 1375 3006 diligenter.
1392 2920 1456 3012 epit

266 3038 308 3083 ne
331 3026 452 3085 temere
483 3018 560 3105 qnid
591 3020 808 3088 Grammatico
839 3022 952 3089 credas
988 3044 1066 3093 nove
1097 3044 1229 3091 caecum
1261 3007 1375 3091 ducem
1409 3033 1454 3090 te·

267 3142 356 3189 mere
386 3125 543 3209 sequaris.
591 3124 694 3207 Quam
726 3147 838 3215 saepe,
869 3148 966 3214 quam
994 3132 1152 3217 turpiter,
1184 3150 1279 3217 quam
1305 3128 1454 3197 ioculari-

266 3236 316 3295 ter
343 3249 453 3296 errare
488 3229 631 3308 soleant,
655 3239 729 3297 nota
752 3252 804 3299 res
827 3242 888 3301 est.
933 3235 1052 3301 dioran
1086 3254 1143 3321 pro
1174 3234 1286 3303 Atticis
1310 3233 1456 3303 venditat

265 3335 435 3403 Homerica
457 3345 489 3401 et
512 3336 640 3413 lonico,
664 3337 784 3422 quibus
806 3339 934 3424 Tragici
954 3339 1012 3405 soli
1038 3339 1297 3419 delectabantur,
1319 3351 1375 3408 aut
1398 3362 1454 3407 vo·

264 3440 379 3507 cabula
414 3443 520 3526 prisca
547 3451 580 3509 et
610 3462 704 3509 casca
732 3464 749 3509 e
774 3444 901 3511 Soconrs
929 3444 1054 3529 legibus
1083 3444 1246 3512 sublecta:
1283 3446 1322 3512 cl.
1347 3466 1378 3513 ιι.
1400 3468 1452 3514 ι.;

263 3548 321 3627 disp
344 3547 482 3625 βαθεῖα,
506 3548 586 3629 ἥρω,
611 3550 700 3630 ἱδρῶ,
730 3557 844 3628 κυκεῶ,
868 3552 994 3629 νέατον,
1017 3550 1149 3633 deiude,
1175 3548 1315 3633 ἄθυρμα,
1337 3552 1454 3631 δημού-

265 3675 375 3730 μενον,
393 3653 508 3734 διῆρες,
532 3652 697 3732 βουλυτός.
727 3655 858 3721 Solones
872 3666 947 3723 sunt
962 3657 994 3721 in
1014 3676 1044 3723 ιι.
1060 3679 1107 3723 ι.;
1132 3656 1355 3737 σεισάχθειαν,
1380 3653 1454 3721 dad-

266 3780 333 3832 ειν,
368 3755 519 3833 titano:
549 3767 607 3823 aut
636 3778 732 3825 usum
756 3770 788 3827 et
825 3762 1053 3847 proprietatem
1088 3760 1258 3827 Atticorum
1289 3760 1454 3827 nonsatis

267 3860 382 3927 callere
401 3863 571 3947 arguitur,
596 3863 708 3930 miscet
726 3864 847 3943 aliena,
867 3866 994 3933 diversa
1011 3863 1201 3944 confundit,
1226 3865 1387 3951 scriptura
1402 3886 1455 3931 σο·-

264 3966 374 4031 dicum
409 3966 579 4053 depravata
614 3968 791 4055 decipitur,
834 3979 870 4037 ut
908 3972 941 4036 in
973 3972 1178 4051 ἀνηλωμένα,
1212 3974 1454 4053 decoxissent,

264 4074 407 4148 οὶιιεῖιιοο,
426 4074 570 4153 βλάβος,
594 4073 748 4141 arcadico
763 4076 832 4163 (pro
844 4079 1000 4143 διοκαθεῖν
1014 4079 1150 4157 aoristo,
1174 4076 1214 4144 ol.
1230 4078 1400 4143 densamus
1412 4077 1454 4143 ad

266 4176 406 4243 Medeam
433 4180 532 4267 186),
567 4182 610 4252 εἰς
641 4181 745 4261 roiano
781 4182 918 4263 ἡμέραν,
950 4184 1123 4265 apendice,
1156 4186 1284 4263 κνισοῖν,
1319 4184 1452 4267 ὤφειλε,

267 4293 326 4350 cet.
349 4282 516 4368 ignorabat
540 4305 603 4370 quo
626 4293 715 4349 certo
738 4304 800 4352 usu
828 4287 987 4355 distarent
1021 4288 1225 4371 γραψάμενοι
1247 4296 1278 4353 et
1303 4286 1454 4369 γράψας,

265 4394 388 4472 φαῦλοι
413 4396 445 4455 et
470 4396 631 4472 φλαῦρον,
655 4390 763 4468 δεσμοί
791 4400 823 4457 et
855 4392 979 4471 δεσμοί,
1008 4396 1177 4474 naupactis
1197 4402 1229 4459 et
1261 4394 1431 4473 πεπραχώς
1444 4440 1454 4469 ,

266 4494 338 4561 alia.
364 4493 496 4561 Codices
512 4495 677 4582 depravati
701 4514 774 4561 enm
788 4496 983 4582 deceperunt
996 4500 1028 4563 in
1041 4501 1192 4580 ἀνακωχή
1213 4518 1270 4584 pro
1292 4496 1455 4577 ανοκοχή,

267 4602 482 4681 κατοκώχιμοι
509 4622 567 4687 pro
598 4602 823 4681 κατοκώχιμοι,
858 4602 950 4669 alibi:
976 4604 1015 4668 ab
1048 4602 1098 4668 bis
1122 4605 1223 4689 igitur
1251 4603 1277 4666 si
1311 4603 1458 4681 navarie,

269 4715 305 4773 nt
324 4704 407 4773 nihil
423 4707 543 4777 erroris
556 4708 685 4777 subesse
708 4713 796 4774 certo
813 4709 896 4776 scias
934 4708 1051 4776 bloenrs
1075 4706 1347 4777 incommodum
1370 4706 1458 4775 adbi
