3767 5717
856 600 920 668 181

221 848 223 857 ,
307 812 355 869 est
382 796 470 890 quod
499 797 616 888 legitur
635 819 668 886 p.
692 797 765 862 174.
799 794 900 863 δεῖται
925 799 970 877 μή
998 792 1175 879 ἀφελέσθαι
1200 790 1374 875 τραπέζής,
1398 790 1476 870 μεθ’

306 906 345 981 ήν
370 905 549 983 τεθνήξεται
580 903 673 984 λιμῷ.
692 938 737 953 -
760 904 815 967 οὐκ
846 897 880 977 ήν
908 901 1030 981 Λιίμων
1056 899 1214 970 πλούσιος.
1252 893 1360 963 Codex
1388 894 1478 962 addit

305 1010 382 1074 ἀλλ’
403 1008 469 1074 οὐδὲ
493 1008 647 1089 ἐλεύθερος
669 1008 695 1071 εί
719 1006 770 1071 καί
799 1006 958 1079 πλούσιος.
1007 1005 1042 1071 Ρ.
1065 1006 1137 1068 129.
1162 1004 1400 1079 συντεθήσεσθαι
1425 1024 1479 1067 εο-

306 1113 435 1179 loecum
462 1128 518 1181 est.
554 1113 661 1181 Codex
682 1126 767 1183 recte
788 1112 1002 1189 συνθήσεσθαι.
1050 1110 1085 1177 Ρ.
1109 1111 1182 1174 130.
1212 1108 1388 1171 καθεύδοντι
1407 1106 1477 1172 νύκ-
1545 1140 1553 1149 ·

305 1242 377 1301 τωρ.
414 1218 521 1286 Codex
547 1220 662 1302 νύκτωρ
688 1218 817 1285 omittit.
838 1256 883 1270 -
902 1216 1033 1293 πλησίον
1062 1217 1207 1297 δελφῖνος
1238 1215 1359 1293 νεκροῦ,
1386 1212 1424 1275 δι’
1446 1208 1478 1274 ῦν

306 1325 403 1397 οὐδείς
428 1327 494 1390 οῦδὲ
520 1326 700 1406 προσῆλθεν.
730 1321 838 1389 Codex
858 1323 990 1397 πλησίον
1007 1323 1152 1403 δελφῖνος
1174 1322 1289 1397 νεκροῦ.
1313 1315 1411 1387 οῦδείς
1429 1310 1479 1379 οὖν

308 1430 488 1509 προσῆλθεν.
539 1429 573 1495 Ρ.
596 1433 669 1494 131.
699 1428 785 1505 δόξαν
816 1433 877 1492 νῦν.
917 1423 995 1491 cod.
1016 1430 1067 1489 νῦν
1095 1422 1182 1500 δθξαι
1203 1431 1299 1485 recte.
1347 1418 1380 1483 P.
1405 1421 1480 1485 133.

308 1541 373 1604 τοῖς
395 1530 560 1613 τριβόλοις.
587 1556 652 1599 non
674 1545 721 1599 est
741 1532 801 1597 hoe
823 1532 854 1596 in
876 1528 1185 1617 Codice‘soriptum,
1206 1536 1243 1589 ut
1261 1521 1413 1588 Gonnum
1432 1521 1481 1587 εί·

309 1637 431 1717 firmat,
456 1637 511 1703 sed
529 1639 669 1720 τριβίοις.
719 1638 849 1729 Ρ.134.
879 1637 1080 1714 ὁμολογήσας
1103 1632 1208 1697 αίτίαν
1227 1633 1398 1708 πανταχοῦ
1425 1634 1481 1706 γέ-

308 1742 443 1820 γονέναι.
470 1741 549 1809 cod.
571 1744 770 1822 ὁμολογήσας
795 1742 840 1807 έτι
861 1741 1026 1821 γεγονέναι
1050 1741 1233 1816 πανταχοῦ.
1264 1733 1481 1823 Intelligerem

309 1846 335 1910 εἰ
363 1869 422 1937 pro
450 1848 555 1913 αἰτίαν
585 1847 636 1913 vel
658 1846 704 1912 ἔτι
725 1849 886 1937 legeretur
909 1845 1033 1911 σποίνιν.
1059 1842 1177 1909 deinde
1195 1851 1326 1905 nonest
1346 1840 1380 1904 in
1400 1838 1481 1907 cod.

205 1954 207 1959 ’
308 1952 541 2033 συντέτραπται
571 1954 626 2019 sed
647 1954 888 2035 συντέθραπται.
924 1964 955 2017 et
982 1952 1137 2032 συνῆφθαι
1158 1968 1223 2011 non
1245 1950 1413 2017 συνῆπται.
1436 1984 1483 1997 --

307 2057 346 2127 ύς
370 2044 537 2124 καθεύδειν.
572 2044 680 2126 codex
705 2061 743 2131 ῦς
770 2051 1004 2136 συγκαθεύδειν.
1032 2101 1071 2112 -
1094 2063 1214 2120 πεῖσαι.
1237 2050 1344 2117 Codex
1372 2060 1480 2117 πεῖσαι

288 2158 421 2237 λέγων.
441 2198 487 2210 -
505 2148 551 2227 ἔτι
571 2165 654 2248 μήτε
675 2162 796 2228 πενίαν.
823 2160 902 2228 ood.
922 2164 1005 2241 μήτε
1023 2159 1131 2227 πενίαν
1149 2157 1206 2222 έτι.
1233 2156 1268 2222 Ρ.
1290 2157 1363 2222 139.
1388 2157 1481 2251 θρμή-

306 2264 398 2330 θεῖσα
419 2255 489 2357 lege
506 2270 696 2348 ὀργισθεῖσα.
732 2268 766 2335 Ρ.
789 2272 862 2334 146.
886 2267 1078 2349 παραμένειν
1095 2263 1249 2341 κύξειν.
1275 2262 1400 2351 corrige
1418 2284 1481 2355 ποο-

304 2379 462 2449 ·ραμενε7ν.
484 2408 530 2422 --
550 2358 831 2454 έριφονθψίγονον.
855 2374 925 2467 lege
942 2371 1113 2454 οίρτίγονον.
1164 2368 1200 2433 Ρ.
1222 2371 1294 2433 148.
1319 2369 1357 2431 δι’
1380 2363 1433 2441 ής.
1448 2414 1479 2430 ..

308 2475 445 2547 ποιήσειε
467 2476 537 2564 lege
555 2480 685 2552 ποιήσει.
721 2478 756 2543 Ρ.
781 2480 854 2543 149.
879 2477 1000 2548 ἐλύσαο
1019 2476 1079 2547 τοὶς
1095 2470 1194 2552 αίγας
1215 2471 1350 2536 emenda
1369 2470 1479 2541 ἐούσας.

309 2576 345 2641 Ρ.
369 2581 443 2642 153.
467 2570 622 2644 ἐπιθέσθαι
639 2582 747 2658 διέγνω
766 2582 808 2661 τῷ
831 2581 981 2662 Δοίφνιδι.
1008 2578 1112 2644 scribe
1133 2577 1223 2655 ἔγνω.
1240 2614 1287 2626 --
1303 2578 1341 2648 ῦς
1359 2577 1391 2640 δὲ
1406 2570 1481 2641 είδε

304 2681 466 2760 χειροήθη,
490 2680 555 2746 im‘o
574 2704 648 2747 vero
667 2682 749 2763 είχε.
783 2684 817 2749 Ρ.
838 2688 911 2751 154.
935 2682 994 2756 οίθς
1010 2708 1046 2748 τε
1062 2680 1096 2758 ήν
1117 2704 1262 2773 expungo
1280 2706 1328 2747 τε.
1354 2680 1388 2744 Ρ.
1405 2682 1481 2745 156.

308 2780 431 2865 ἐρίφους
451 2787 658 2864 γαλαθηνούς.
686 2786 793 2854 Codex
811 2788 856 2855 ἔτι
878 2789 1087 2869 γαλαθηνούς.
1122 2788 1156 2855 Ρ.
1176 2792 1250 2855 157.
1271 2787 1393 2868 χιτῦνα
1413 2784 1478 2848 καί.
1559 2857 1562 2866 .

305 2884 387 2953 cod.
407 2896 529 2968 χιτῶνα
553 2901 694 2971 χλαῖναν
724 2895 788 2959 καί.
825 2895 859 2960 Ρ.
883 2897 958 2960 160.
988 2896 1041 2958 οῦκ
1065 2892 1190 2975 ἄπειρος
1214 2881 1359 2974 ἐρωτικῆς
1377 2889 1479 2961 λύπας

309 2990 469 3059 verissima
497 3006 544 3059 est
574 2994 765 3062 Semnum
792 3000 976 3065 coniectura
1001 2998 1129 3074 λύττής.
1176 2996 1326 3061 Imitatur
1350 2993 1481 3059 Laneus

309 3098 488 3165 Ριλτοαεοε
516 3101 549 3164 in
582 3101 726 3192 Legibus
752 3103 838 3169 VIII.
857 3129 890 3195 p.
913 3108 979 3169 839
999 3126 1025 3169 a.
1055 3103 1228 3178 λύττήςδδ
1253 3105 1397 3183 ἐρωτικῆς
1424 3080 1480 3162 καί
1556 3123 1560 3125 ε

307 3204 425 3282 μανίας
455 3205 612 3286 εἴργεσθαι
643 3218 727 3274 ποιεῖ
753 3209 767 3272 ί
794 3209 883 3287 νόμος
910 3206 1008 3281 οὗτος.
1060 3208 1181 3274 Eadem
1212 3207 1308 3298 plane
1336 3201 1482 3271 confusio

310 3320 440 3398 apparet
458 3333 489 3400 p.
510 3313 549 3373 61
574 3310 765 3389 υίιίλύττής
786 3312 818 3377 in
837 3314 985 3378 omnibus
1004 3313 1095 3378 Iib'ris
1113 3324 1176 3391 est,
1200 3311 1253 3377 sed
1276 3311 1397 3400 optime
1412 3307 1483 3373 edi·

310 3423 363 3477 tur
380 3414 439 3485 τοδε
462 3414 574 3494 φυχοδς
592 3415 796 3491 οίνεςοίλήσαν
816 3419 873 3482 ὑπὸ
891 3419 1006 3493 λύπής.
1021 3453 1066 3468 --
1081 3420 1123 3489 είς
1148 3416 1325 3494 ἐπιθυμίαν.
1347 3413 1426 3480 cod.
1445 3412 1483 3479 B.

311 3518 473 3595 ε’νθυμίαν,
500 3520 635 3586 emenda
657 3524 700 3593 είς
715 3522 874 3600 εὐθυμίαν.
920 3523 955 3589 Ρ.
973 3527 1052 3589 162.
1077 3505 1178 3602 αίγας
1202 3522 1293 3599 ἔνεμε
1312 3520 1483 3601 Βροίγχιος.

305 3621 400 3711 ¹quod
421 3622 489 3688 sine
509 3623 609 3690 codd.
629 3625 852 3713 corrigendum
875 3638 942 3691 erat
962 3627 1128 3708 Βροίγχος,
1162 3627 1194 3691 id
1215 3627 1248 3691 in
1272 3626 1298 3690 A
1318 3626 1485 3690 inventum

306 3723 465 3790 ,θουλιελ
485 3727 668 3795 anecit.-
682 3730 701 3791 ’θ
727 3730 816 3801 Ζεύς.
842 3726 921 3796 cod.
941 3730 957 3795 ὅ
978 3736 1039 3794 τῦν
1059 3728 1136 3795 ίίλων
1158 3730 1323 3809 βασιλεύς.
1356 3730 1389 3794 Ρ.
1408 3730 1484 3793 160.

312 3827 416 3909 έρήμοι
440 3832 472 3896 δέ
497 3834 530 3897 αί
556 3828 661 3911 αἶγες.
687 3832 772 3922 Lege
794 3824 868 3914 ἔρρει
890 3860 942 3912 μοι
963 3835 1009 3867 ⁸*
1033 3834 1086 3898 καί
1112 3836 1145 3899 αί
1170 3831 1274 3914 αίγες.
1310 3833 1344 3899 Ρ.
1367 3836 1431 3898 164
1452 3833 1485 3897 in

306 3929 435 3998 ,Codice
453 3956 518 3999 non
538 3950 601 4014 est,
631 3948 666 4000 ut
688 3930 840 4003 (δουλικὴ
862 3937 959 4018 dicit,
982 3937 1055 4003 sed:
1080 3939 1156 4003 αλλ’
1177 3938 1203 4003 οί
1226 3937 1359 4021 πατέρες
1382 3938 1485 4016 ἐξέθη-

312 4059 372 4101 καν
401 4038 508 4104 τοῦτον
538 4041 629 4105 πεδίω
654 4041 725 4114 ίσως
752 4044 881 4108 παιδίων
909 4043 1126 4126 πρεσβυτέρων
1152 4041 1224 4115 ίίλις
1248 4042 1396 4124 ἔχοντες,
1431 4066 1486 4109 ex·

312 4144 423 4233 punge'
450 4145 543 4210 πεδίω
574 4159 606 4211 et
627 4146 706 4213 nihil
727 4148 787 4213 erit
805 4148 1013 4216 difficulta'IIs.
1063 4149 1095 4215 Ρ.
1117 4152 1192 4215 166.
1217 4152 1242 4215 εί
1267 4149 1484 4230 διαψεύδεται.

314 4244 393 4314 cod.
412 4263 499 4317 recte
519 4254 544 4317 εί
566 4255 718 4334 ψεύδεται
737 4292 783 4304 —-
803 4259 994 4336 χλαμύδιον.
1027 4254 1135 4322 codex
1158 4256 1345 4338 χλαμίδιον,
1364 4256 1487 4343 corrige
1587 4238 1591 4243 ⁴

313 4356 476 4434 χλανίδιον
503 4370 535 4423 et
563 4358 604 4423 ob
624 4382 691 4425 rem
710 4361 809 4451 ipsam
832 4374 864 4426 et
884 4362 925 4427 ob
945 4386 1017 4452 pag.
1040 4366 1060 4426 8
1087 4361 1142 4426 ubi
1166 4361 1232 4425 duo
1254 4359 1367 4449 optimi
1387 4356 1486 4425 codi-

313 4478 364 4523 ces
381 4463 542 4540 χλανίδιον
562 4477 698 4531 servant.
738 4466 771 4533 P.
793 4470 867 4533 170.
892 4470 1043 4533 ἐνταυθοῖ.
1070 4466 1150 4532 cod.
1170 4467 1314 4531 ἐνταῦθα.
1357 4463 1390 4529 Ρ.
1410 4468 1485 4533 177.

312 4560 386 4629 ύταν
406 4566 530 4647 κθσμον,
543 4570 778 4653 προσλοίβήται.
801 4573 922 4664 opIIme
939 4572 1045 4638 Codex
1065 4569 1243 4655 προσλοίβῆ.
1267 4568 1301 4635 Ρ.
1315 4573 1387 4637 179.
1405 4570 1486 4639 κοίλ-

312 4680 364 4741 Mc
389 4671 575 4757 ἐκφέρουσα.
601 4698 722 4767 repone
743 4679 949 4761 ἐκφαίνουσα.
965 4716 1012 4730 -
1031 4675 1089 4753 θλή
1114 4677 1178 4758 γοδρ
1201 4676 1330 4743 ἐκινεῖτο
1353 4679 1370 4752 ή
1394 4675 1485 4749 τύλος
