3767 5717
966 614 1009 675 40

395 786 564 866 leserunt,
588 806 659 853 eam
683 804 752 853 rem
782 786 888 853 nostri
923 783 1044 870 ubique
1068 802 1136 851 csse
1161 783 1287 851 arbitrii
1317 784 1513 872 iudiciique,
1534 788 1591 875 qui

403 894 570 979 antiquam
595 893 739 977 linguam
768 891 894 977 penitus
918 888 1093 965 calianum,
1120 910 1181 955 uon
1215 890 1329 957 scribis
1361 911 1430 965 esse
1456 895 1588 977 permit·

400 996 529 1065 tendam
554 997 734 1063 sexcenties
758 997 789 1061 in
815 994 985 1063 manifesta
1015 993 1127 1061 fraude
1150 1004 1181 1063 et
1205 994 1448 1081 interpolatione
1477 997 1588 1085 depre-

397 1104 516 1175 hensis.
549 1102 735 1189 Complures
757 1103 853 1167 Attici
877 1100 1006 1167 tandem
1027 1121 1113 1167 nunc
1135 1109 1205 1187 post
1223 1101 1325 1168 ruulta
1345 1102 1471 1167 saecula
1494 1124 1586 1179 suan]

398 1207 665 1301 consuetudinem
686 1216 878 1292 receperunt
901 1215 939 1271 et.
953 1208 985 1271 in
1010 1226 1047 1273 ea
1071 1206 1200 1290 quidem
1223 1226 1257 1271 re
1276 1208 1433 1279 Ἀττικιτί
1453 1208 1588 1293 loquun-

399 1323 454 1381 tur
478 1324 514 1378 ut
536 1312 625 1382 olim,
673 1311 737 1376 Alii
759 1332 801 1378 ex
831 1311 1001 1378 Editorum
1029 1311 1183 1386 libidine,
1209 1313 1265 1398 qui
1285 1313 1347 1398 ipsi
1371 1332 1389 1378 a
1417 1313 1586 1379 (lodicibus

396 1417 556 1506 pendent,
592 1415 686 1484 modo
716 1424 803 1482 recte
835 1415 1033 1501 nouantur,
1065 1416 1159 1483 modo
1195 1425 1350 1503 peccant,
1386 1438 1467 1504 quae
1503 1420 1585 1484 satis

395 1526 499 1591 iocosa
523 1542 575 1589 res
599 1530 658 1588 est.
707 1521 769 1587 Alii
793 1521 931 1607 deniqne
954 1529 1139 1589 constanter
1161 1530 1294 1609 peccant
1318 1531 1360 1589 et.
1378 1523 1496 1610 ubique
1526 1545 1586 1611 per

397 1629 464 1695 vim
487 1627 528 1695 at
551 1625 780 1693 Graeculorum
807 1646 900 1691 usum
930 1628 1033 1691 coacti
1058 1634 1135 1693 sunt
1159 1648 1194 1693 se
1218 1647 1416 1714 componere.
1467 1629 1503 1694 ln
1533 1630 1587 1695 ho·

397 1754 472 1799 rum
497 1738 738 1799 numerosum
770 1732 919 1799 Lucrnuus
941 1738 974 1797 et
1005 1731 1195 1825 Acerranos,
1228 1734 1283 1817 qui
1303 1752 1497 1819 quamquam
1525 1736 1586 1821 ipsi

399 1847 486 1905 recte
507 1844 540 1903 et
559 1835 672 1904 ordine
692 1844 784 1902 erant
796 1835 913 1912 locuti,
935 1855 1021 1901 nuuc
1040 1837 1118 1901 vitio
1136 1857 1198 1927 non
1223 1856 1281 1903 suo
1300 1837 1417 1924 unique
1437 1858 1586 1924 peccasse

397 1943 558 2008 ridentur.
605 1940 740 2026 Λίτιοίση
775 1949 824 2006 εει
853 1940 937 2025 apud
970 1942 1182 2007 Auerrunonau
1205 1942 1228 2007 l.
1253 1945 1304 2007 29.
1332 1948 1370 2020 4,
1399 1944 1539 2029 σαρίρχη
1560 1945 1583 2009 l.

399 2054 454 2117 54.
481 2054 518 2126 1,
541 2049 643 2130 διανοή
667 2047 721 2112 lll.
751 2051 800 2111 11.
826 2052 865 2121 5,
889 2045 1007 2111 similia
1028 2048 1156 2131 passim.
1204 2047 1271 2113 Non
1294 2049 1356 2114 erit
1371 2048 1451 2114 mihi
1473 2050 1605 2117 multis·

398 2153 505 2221 verbis
537 2173 615 2239 opus
639 2151 679 2217 ad
706 2150 991 2218 demonstrandum
1025 2150 1196 2217 Atticorum
1219 2153 1397 2219 imitatores
1421 2154 1452 2217 in
1486 2175 1521 2219 aa
1550 2176 1585 2221 re

400 2259 543 2325 imitatos
566 2278 637 2325 esse
659 2257 791 2331 Αιινόοο;
815 2265 890 2322 utar
915 2276 979 2320 uno
998 2255 1066 2325 loco
1088 2257 1231 2333 Lucrnu,
1256 2260 1311 2343 qui
1339 2277 1405 2323 rem
1427 2258 1475 2323 vcl
1496 2259 1584 2324 solus

399 2364 556 2429 conficere
588 2365 704 2450 poterit
725 2362 881 2429 XXXVII.
908 2360 931 2449 §
955 2368 993 2427 15
1020 2362 1073 2427 ubi
1095 2362 1234 2450 Cynicus
1254 2361 1394 2427 mordaci
1412 2370 1445 2427 ct
1465 2382 1582 2448 spurco

399 2471 468 2536 ioco
493 2468 663 2540 molestum
696 2469 756 2534 silai
792 2476 977 2554 protervum
1013 2474 1045 2533 et
1078 2468 1273 2553 petulantem
1308 2465 1581 2534 adolescentulum

398 2572 553 2640 confutat.
607 2574 745 2647 Ποίίιονίς
779 2598 877 2648 τινος,
904 2574 1030 2658 inquit,
1057 2582 1115 2641 τῶν
1135 2576 1165 2639 ἐν
1189 2572 1367 2655 Μακεδονίᾳ
1396 2573 1582 2655 εὐπαρύφων

398 2680 554 2746 νεανίσκου
577 2679 684 2761 ὡραίου
708 2682 947 2762 ἐρεσχηλοῦντος
968 2681 1061 2745 αὐτὸν
1085 2680 1136 2745 καί
1164 2679 1368 2761 προτείνοντος
1389 2677 1532 2761 ε’ροίτημοί
1553 2700 1583 2744 τι

399 2785 557 2866 σοφιςικὸν
569 2784 621 2848 καὶ
636 2787 811 2860 κελεύοντος
824 2788 921 2853 εἰπεῖν
939 2789 1004 2849 τοῦ
1028 2792 1294 2865 συλλογισμοῦ
1315 2788 1370 2862 τήν
1382 2785 1488 2851 λύσιν·
1509 2788 1583 2861 Ἓν,

399 2887 481 2971 ἔφη,
503 2884 593 2966 οἶδα,
623 2891 743 2967 τέκνον,
768 2890 814 2958 ίτι
838 2892 974 2971 τεραίνη.
1022 2889 1121 2955 Periit
1145 2890 1275 2955 aculeus
1297 2899 1329 2955 et
1361 2890 1445 2974 quod
1475 2908 1602 2975 super.

399 2992 553 3059 estnihil
578 3002 642 3059 est:
667 2998 809 3078 ἐρώτημα
833 2994 918 3080 apud
942 3013 1013 3070 εοε,
1038 2995 1092 3079 qui
1115 2993 1294 3077 elegantius
1309 2993 1506 3077 loquuntur,
1531 3012 1585 3077 ap·

397 3098 549 3185 pellatur,
569 3118 662 3183 quern
688 3101 807 3167 caeteri
825 3100 1040 3178 συλλογισμόν
1061 3095 1239 3183 appellant,
1263 3097 1375 3163 iisdem
1400 3098 1514 3180 ε’ρατῖον
1527 3104 1585 3165 arnt

398 3206 568 3286 συνεροτῖον
586 3212 636 3269 est
655 3203 906 3283 συλλογίζεσθαι.
934 3204 987 3269 Sic
1000 3202 1084 3290 apud
1102 3204 1271 3278 Lucrinus,
1292 3203 1445 3278 Quomodo
1458 3204 1497 3269 rit
1510 3203 1583 3269 Hir·

398 3309 668 3385 transcribenda,
693 3307 717 3396 §
745 3314 802 3382 17,
826 3303 896 3372 εἶτα
919 3309 1005 3385 μετα
1029 3308 1133 3388 μικρὸν
1164 3304 1262 3379 σίλλος
1290 3309 1501 3386 συλλογισμὸς
1525 3306 1583 3375 εἶτ’
1603 3298 1608 3306 ’

396 3415 494 3489 σίλλος
525 3416 577 3481 καὶ
609 3412 686 3488 ίλιος
716 3415 754 3479 ἐν
780 3408 925 3477 ἅπαντι
957 3416 1138 3493 σχήματι
1174 3413 1412 3492 συνηρώτητο
1440 3415 1523 3495 αὐτῷ
1547 3412 1582 3479 τὸ

398 3522 571 3604 προοίμιον,
606 3519 726 3585 idest:
751 3540 791 3582 σα
819 3517 1013 3603 spllopr'snris
1033 3519 1252 3603 collusoremque
1271 3517 1393 3602 penetus
1415 3517 1581 3582 constabat.

394 3626 552 3712 Expunge
573 3624 673 3709 igitur
694 3629 748 3688 τοῦ
768 3628 1006 3702 συλλογισμοῦ,
1032 3622 1114 3709 qnod
1140 3642 1201 3687 non
1223 3622 1331 3687 miuus
1354 3621 1475 3687 insulse
1495 3620 1582 3687 addi·
1649 3619 1651 3630 ’

395 3740 467 3799 tum
491 3741 557 3807 est,
574 3750 611 3795 ac
631 3730 731 3793 εἰτοῦ
750 3729 948 3809 ἐρωτήματος
969 3730 1160 3817 repetiisset.
1211 3726 1263 3792 Sic
1280 3776 1288 3803 ,
1314 3726 1429 3804 credo,
1450 3734 1581 3813 apparet

394 3837 529 3919 περαίνει
549 3854 663 3902 verum
686 3852 774 3908 esse,
795 3841 831 3898 ut
851 3835 1038 3921 ambiguum
1059 3838 1102 3900 sit
1126 3842 1235 3899 utrum
1256 3832 1291 3899 τὸ
1313 3832 1454 3913 ἐρώτημα
1478 3852 1517 3897 an
1541 3832 1581 3899 σύ

395 3945 438 4011 sit
450 3942 644 4026 cogitatione
656 3937 869 4023 supplendum
889 3949 921 4005 et
945 3941 1073 4007 dicatur
1085 3939 1163 4005 ratio
1177 3937 1329 4005 εονίοίιιιίὶι
1342 3956 1381 4003 an
1395 3948 1428 4003 tu
1436 3938 1583 4023 politicus

396 4070 428 4115 cr
449 4057 482 4113 ot
501 4043 666 4110 muliebrio
683 4043 818 4128 pulcris,
839 4044 923 4130 quod
948 4044 1205 4111 Gasnsnusvidit.
1230 4044 1271 4111 At
1284 4063 1378 4109 nemo
1396 4050 1520 4129 poterat
1534 4043 1581 4107 sic

394 4151 494 4219 iocari
508 4150 570 4215 nisi
588 4149 626 4213 σὺ
639 4150 774 4230 περαίνει
786 4149 932 4216 «licerent
943 4172 1070 4228 omnm,
1080 4171 1141 4215 non
1160 4150 1296 4235 τεραίνη.
1323 4148 1474 4219 Eiusdem
1489 4146 1581 4233 plane

392 4257 520 4343 generis
539 4263 767 4339 argumentum
792 4253 867 4320 duci
889 4264 993 4341 potcst
1017 4276 1054 4322 cx
1073 4256 1196 4322 bucinus
1221 4254 1490 4339 Pseudosopltistn.
1516 4250 1540 4340 g
1559 4256 1580 4317 6

393 4372 422 4431 el
451 4366 479 4425 7.
504 4360 665 4441 Ἐρομένου
677 4360 709 4425 δέ
721 4386 799 4434 τινος
823 4363 849 4426 εί
867 4365 1079 4440 μελετήσει
1101 4362 1229 4439 ὁδείνα,
1249 4368 1312 4433 πῶς
1332 4355 1399 4433 οὖν,
1423 4356 1504 4441 ἔφη,
1524 4358 1580 4436 ἐμὲ

393 4469 506 4548 ἐρατῶν
524 4468 550 4532 εί
570 4468 843 4546 μελετήσομαι
873 4468 979 4545 λέγεις
993 4464 1065 4533 ὅτιὸ
1086 4467 1191 4543 δεῖνας
1210 4463 1435 4544 Ἀττιιιίζοντος
1449 4462 1480 4532 δέ
1501 4484 1580 4537 τινος

392 4572 444 4639 καί
478 4570 655 4659 τζείνήξειΙ
687 4571 824 4647 εἰσιόντος
860 4574 910 4640 ἐντί
934 4578 987 4640 τοῦ
1020 4574 1141 4656 τρίτου,
1173 4573 1318 4647 Βέλτιον,
1351 4567 1433 4651 ἔφη,
1458 4568 1509 4633 καί
1535 4567 1580 4631 ε’ν-

392 4677 495 4743 ταῦία
530 4681 574 4758 μή
610 4676 780 4758 ἀττικίζειν
811 4681 1036 4774 καταρώμενον.
1091 4677 1294 4748 Manifestum
1325 4681 1374 4741 est
1398 4692 1578 4760 ,numquam
