3767 5717
860 622 924 706 ιιι

311 826 384 893 ταῖς
409 816 539 899 ἡμέραις
557 817 654 883 αὐτοῦ
673 822 843 898 προσμενῶ.
878 815 1118 908 Respondetnr:
1144 816 1258 910 ὀτειμι
1280 817 1338 898 μὲν
1362 816 1393 892 ἐς
1414 811 1489 884 nota

310 947 412 1005 ριταν,
438 921 524 988 ἔοικα
545 923 577 988 δὲ
601 923 737 986 ἐνταῦθα
762 921 935 1002 δικτρίψειν
961 925 1048 1004 τριῶν
1076 924 1093 1000 ἢ
1117 923 1210 989 πέντε
1236 925 1373 1004 ἡμερῶν,
1399 943 1485 1013 quac

310 1039 434 1095 scatent
461 1027 564 1106 uitiis,
599 1027 673 1092 sutis
701 1025 797 1092 credo
827 1027 1013 1094 manifestis.
1060 1029 1221 1093 Permulta
1251 1027 1347 1116 igitur
1375 1029 1487 1093 insunt

310 1134 441 1213 uitiosa,
473 1133 529 1199 sed
554 1134 653 1223 ipsius
672 1132 835 1223 scriptoris
856 1133 998 1215 inscitia,
1024 1155 1041 1197 a
1064 1133 1182 1223 quibus
1203 1131 1429 1198 abstinendum
1450 1141 1487 1196 ut

310 1245 329 1328 §
350 1247 380 1308 3.
399 1242 524 1308 ἐκέλευε
541 1241 819 1326 τννανακλίνεοόαι
839 1263 898 1331 pro
920 1240 1250 1324 συγκατακλίνεσθαι,
1274 1250 1307 1304 ct
1322 1245 1340 1326 §
1356 1239 1387 1304 6.
1406 1234 1487 1307 ὅταν

313 1345 386 1431 ἕλίρ
410 1347 463 1412 καί
492 1349 683 1429 καίεοδιίσρ,
709 1360 849 1412 extrema
871 1346 1032 1411 barbaries
1052 1357 1099 1410 est
1118 1345 1328 1420 ἕκαίεόδκοα,
1360 1342 1414 1410 sed
1444 1341 1489 1407 sic

312 1451 366 1518 isti
393 1450 546 1517 snlelruut.
601 1450 714 1518 Insunt
742 1464 849 1517 tumen
880 1451 1102 1542 compluscula
1136 1448 1309 1514 scribarum
1337 1447 1489 1539 peccate,

313 1578 452 1647 quorum
480 1580 584 1647 pauca
608 1558 761 1647 attingam
769 1606 778 1636 ,
802 1558 834 1621 in
856 1562 873 1645 §
896 1549 948 1623 16.
972 1557 1067 1636 ἔγνον
1090 1553 1165 1636 σιγῇ
1186 1553 1320 1634 προϊέναι
1345 1555 1398 1619 καί
1421 1575 1489 1633 κερ·

311 1660 424 1726 δαίνειν
457 1663 493 1727 τό
528 1665 573 1741 μίν
602 1663 761 1729 ταίεοόαι.
798 1664 975 1752 genuinum
1004 1683 1071 1726 esse
1100 1659 1236 1725 arbitror
1263 1658 1429 1740 κερδαίνειν
1453 1658 1488 1721 τό

311 1764 478 1836 ταίεοόαι.
502 1768 790 1858 compendifacerc
804 1771 951 1859 plagas,
973 1768 1017 1832 sic
1039 1766 1125 1831 enim
1145 1764 1311 1846 κερδαίνειν
1327 1785 1490 1828 nonnum·

312 1891 410 1960 quam
430 1870 561 1953 Graeci,
586 1897 681 1965 saepe
702 1874 854 1941 Graeculi
876 1896 1029 1964 usurpare
1051 1872 1174 1950 solent,
1198 1869 1239 1935 de
1263 1891 1327 1960 qun
1350 1891 1409 1934 usu
1432 1866 1489 1934 sd-

310 1998 446 2042 mnnens
478 1976 622 2044 Guttntus
653 1978 694 2043 sd
723 1977 857 2045 Dtcnmr
886 1977 1067 2044 Gunrsnsr.
1095 2001 1127 2068 p.
1150 1979 1215 2041 593
1235 1994 1266 2040 ι’.
1297 1973 1489 2040 scribentem
1527 2059 1533 2070 Ι

310 2083 434 2162 αίτχρόι
456 2084 598 2163 κερδανεῖ
619 2082 790 2161 ὀεοίματα,
819 2085 914 2150 affert
936 2084 1141 2148 Putuurtortts
1165 2080 1341 2146 senarium:

492 2190 557 2260 τοῖς
581 2187 645 2269 γόορ
669 2188 762 2264 τίνιρς
787 2190 826 2253 ὀιν
848 2187 986 2268 μεγοίλα
1009 2185 1159 2269 κερδαίνει
1184 2184 1281 2249 κακοί.

312 2302 345 2358 et
364 2315 401 2357 ex
421 2291 570 2357 llutnntc
589 2293 757 2372 κερδαίνειν
782 2295 825 2359 τα
849 2292 945 2360 δεινοί.
991 2291 1082 2358 Idem
1102 2287 1182 2356 milri
1207 2287 1360 2354 indicarit
1382 2288 1489 2354 locum

310 2396 471 2463 Dtocttttls
490 2396 632 2462 Lniinttt
653 2395 725 2463 Vll.
747 2400 798 2464 14.
823 2398 1022 2479 κερδαίνοντα
1041 2399 1076 2462 τό
1099 2403 1174 2474 γοῦν
1194 2393 1294 2476 ἕτερον
1317 2392 1407 2472 μέρος
1432 2400 1489 2467 τῆς

311 2503 517 2581 ἐνοχλήσεως.
553 2499 711 2567 Similiter
727 2487 825 2592 'saepe
845 2501 924 2566 alios
946 2500 1120 2565 Graeculos
1137 2498 1200 2564 ridi
1221 2497 1367 2562 scribere.
1399 2494 1490 2563 Cut-

313 2622 414 2670 tttwtt
434 2629 468 2695 p.
488 2607 543 2671 36.
564 2608 721 2687 κερδανεῖς
743 2607 805 2687 γόορ
828 2607 936 2677 ὠδῖνας
959 2603 1104 2684 ματαίας
1126 2602 1178 2668 καὶ
1199 2601 1365 2684 κνοφορίαν
1387 2599 1489 2683 ἄχρις-

312 2735 365 2781 ςον
399 2723 432 2776 ct
458 2736 492 2802 p.
523 2714 596 2777 101.
627 2713 778 2792 κερδήσας
808 2712 864 2785 τόρν
893 2714 1025 2792 τρόιτιν,
1057 2710 1091 2775 ri
1116 2710 1273 2792 λρςνίριον,
1303 2707 1346 2772 τόο
1372 2707 1487 2786 δεσμοί.

311 2816 427 2883 endem
454 2817 551 2905 igitur
577 2815 674 2882 modo
694 2816 860 2897 κερδαίνειν
882 2816 918 2881 τό
943 2815 1090 2880 ταίεοόαι
1113 2815 1267 2904 scriptum
1287 2812 1382 2878 fuisse
1403 2811 1489 2877 urbi·

258 2963 261 2966 ⁴
313 2935 391 2990 trcr.
415 2930 432 3013 §
456 2928 506 2991 18.
525 2922 670 2996 καίοντες
696 2925 729 2988 οό
752 2920 893 3002 πρότερον
916 2923 1047 3003 ὀΦῆκαν
1069 2922 1139 3003 πρὶν
1157 2923 1192 2998 ἦ,
1214 2908 1336 3010 corrige
1356 2920 1488 2992 ὀνῆκαν.

312 3033 405 3119 530.
438 3028 525 3111 ἔργον
559 3025 594 3105 ἦν
628 3031 671 3110 τῷ
705 3025 842 3110 ὀννλοίτρ
877 3030 1062 3092 ὀτοκτενεῖν
1094 3053 1155 3107 με,
1190 3028 1255 3094 imo
1282 3023 1487 3091 οότοκτείνειν.

312 3141 404 3224 §tt
426 3137 482 3209 τὴν
502 3133 590 3215 κίρνν
609 3135 664 3208 τὴν
689 3134 747 3198 unt
766 3142 830 3205 τοῖς
855 3141 970 3214 λρςαῖς
991 3133 1174 3220 γενομένην,
1194 3131 1397 3199 scribendum
1418 3126 1488 3207 ἕτί,

313 3253 351 3306 ut
378 3264 472 3332 supra
497 3239 704 3306 ostendimus.
736 3241 829 3328 §38.
851 3238 957 3317 ὀλίγον
979 3238 1108 3314 ἒδίνοαν
1131 3241 1337 3312 αότοκτεῖναι,
1365 3235 1490 3300 Putntt·

312 3363 373 3411 rus
390 3357 424 3411 et
443 3343 649 3410 ennarrans
668 3342 776 3421 ὀλίγον
795 3352 1010 3407 correxerunt.
1045 3341 1186 3408 »Male’'
1206 3342 1313 3407 iudice
1335 3337 1490 3406 luconti-

313 3469 381 3528 κιο,
404 3449 459 3515 sed
478 3473 593 3540 parurn
615 3448 744 3513 idoneo.
792 3448 973 3514 Bnurtnnns
1000 3459 1102 3512 serrat
1122 3449 1227 3528 ὀλίγον
1249 3447 1304 3514 sed
1324 3447 1432 3526 ὀλίγον
1457 3445 1490 3510 in

315 3553 378 3619 ima
399 3554 512 3644 pupius
532 3553 661 3619 subiicit
677 3574 752 3617 cum
774 3551 984 3616 dubitationis
1003 3549 1251 3638 significatione,
1276 3551 1364 3615 utin
1386 3573 1420 3616 re
1439 3550 1490 3614 iu·

315 3669 402 3725 certa
420 3671 453 3723 et
475 3658 634 3748 ambigua.
681 3655 764 3722 Satis
786 3668 892 3721 tamen
916 3667 1039 3720 certum
1059 3667 1107 3720 est
1126 3658 1253 3728 ὀτοδεῖν
1274 3679 1398 3747 semper
1416 3677 1491 3721 cum

315 3764 518 3843 accusativis,
542 3765 604 3830 δεῖν
632 3785 698 3830 uon
727 3763 820 3827 aliter
839 3783 935 3851 quem
961 3781 1035 3825 curn
1054 3761 1202 3849 genitinis
1224 3761 1393 3851 coniungi,
1413 3776 1516 3826 τολι.

315 3874 389 3943 λοῦ,
414 3869 562 3944 τλείςον,
587 3871 714 3950 μικροῦ,
738 3867 862 3945 ὀλίγον,
891 3865 1064 3946 ε’λαχίςον,
1089 3866 1252 3947 τοτοιίτον,
1286 3889 1391 3957 neque
1419 3889 1491 3930 um·

317 3997 414 4065 quam
442 3975 476 4038 in
507 3973 765 4063 frequentissimo
797 3972 940 4038 omnium
968 3993 1045 4049 usu,
1078 3971 1173 4045 πολύ,
1203 3981 1350 4047 τλεῖςον,
1381 3971 1490 4054 μικρόν

312 4091 394 4146 caet.
425 4078 479 4145 rel
501 4102 566 4144 κιιο
591 4077 625 4143 in
647 4078 720 4143 loco
742 4099 937 4169 comparere.
980 4077 1067 4142 Erre
1087 4076 1204 4142 dicitur
1223 4077 1331 4156 ὀλίγον
1356 4079 1418 4145 δεῖν
1438 4077 1490 4144 rel

314 4186 443 4252 brevius
462 4184 583 4263 ὀλίγον,
608 4205 784 4274 numquam
805 4184 922 4262 ὀλίγον.
972 4181 1059 4267 Quae
1082 4182 1107 4247 si
1126 4182 1197 4272 quis
1217 4193 1303 4247 certa
1324 4205 1390 4249 esse
1411 4183 1490 4249 clim

315 4293 406 4359 norit
435 4301 489 4356 sut
515 4288 599 4355 iuter
616 4289 795 4386 legendum¹
808 4311 904 4379 quam
925 4299 1012 4355 certa
1031 4289 1094 4354 sint
1114 4289 1249 4379 experiri
1268 4287 1406 4355 soluerit
1426 4290 1490 4354 ὀλί-
1553 4366 1562 4380 .

312 4423 371 4481 γον
392 4394 521 4463 ubiiciet
540 4406 572 4459 et
592 4393 699 4472 ὀλίγον
719 4395 813 4460 unice
832 4417 941 4460 nerum
963 4418 1030 4462 esse
1050 4395 1213 4462 fatebitur.
1256 4393 1392 4460 Librarii
1412 4391 1490 4459 sub·

312 4503 390 4570 inde
416 4511 592 4594 peccarunt
619 4500 652 4564 in
680 4502 813 4584 τοοοότςι
839 4513 872 4566 et
900 4504 988 4583 ταρόο
1017 4503 1123 4582 μικρὸν
1156 4502 1286 4580 ἕδὲνοα,
1313 4499 1400 4575 aliis,
1435 4499 1490 4566 scd

308 4609 459 4700 castigati
485 4619 561 4674 sunt
589 4629 628 4672 ex
653 4605 743 4671 libris
763 4605 965 4686 melioribus,
995 4606 1151 4696 imprimis
1171 4628 1209 4671 ex
1234 4605 1399 4674 Urbinatc
1417 4607 1489 4674 tsn-

314 4731 433 4781 cttms
460 4716 578 4784 eximin
609 4712 705 4783 libro.
758 4711 932 4780 Lnbornnti
962 4713 1083 4779 Lusus
1113 4710 1216 4778 obiter
1245 4712 1490 4804 opitulandum,
