3767 5717
869 613 934 682 365

315 815 368 881 καὶ
391 811 513 898 φορτίον
538 811 638 890 ξύλων
661 809 815 893 ἀρνύμενος
839 809 939 888 ἐπέβη
966 814 1023 884 τῆς
1048 808 1140 884 venie,
1167 808 1487 880 condendamue
1554 842 1557 849 ·

311 919 405 994 σκεύη
430 916 603 984 infeliciter
630 915 823 994 admodum,
851 938 925 982 nom
950 937 1022 980 rere
1048 914 1145 982 lectio
1166 929 1213 984 est
1237 919 1347 997 λαβὼν
1372 920 1486 986 ναύτου

313 1023 437 1099 πκενύν.

356 1127 404 1194 ld
423 1149 496 1218 pag.
518 1127 596 1190 194.
640 1124 743 1207 Quem
769 1123 980 1215 incogitanter
1004 1124 1127 1190 librarii
1145 1125 1351 1193 confuderint
1368 1141 1420 1206 λι,
1443 1142 1488 1192 λυ,

305 1244 338 1298 et
366 1257 393 1313 μ
421 1230 595 1297 luculentis
626 1230 780 1320 exemplis
809 1229 949 1298 ostendit
983 1230 1151 1298 Vonone.
1177 1233 1217 1298 ad
1240 1234 1483 1300 Adoniazueae

305 1361 337 1428 p.
356 1341 441 1417 226,
465 1338 522 1404 ubi
537 1336 660 1404 ridebis
678 1335 784 1416 ύμπον
805 1336 960 1426 seriptum
977 1358 1043 1403 esse
1060 1360 1121 1426 pro
1138 1337 1280 1414 ύλνπον,
1304 1338 1405 1406 δειλία
1422 1359 1482 1426 pro

288 1473 289 1478 ’
305 1442 418 1520 δεῖμα,
443 1441 579 1524 οὶρτυλία
599 1465 658 1532 pro
676 1440 803 1523 ύρτομα
822 1453 855 1508 et
873 1441 1072 1523 ύμτυλιμένος
1089 1465 1148 1531 pro
1164 1441 1355 1523 ἠρτυμμένος
1376 1443 1481 1529 (ἠρτυ-

304 1545 423 1634 μένος).
460 1546 599 1628 Κύμψαι
627 1559 660 1612 et
678 1547 824 1628 καλύψαι
846 1546 979 1612 confusa
999 1545 1070 1612 ride
1090 1547 1123 1612 in
1143 1547 1287 1614 Pousotu
1306 1549 1480 1622 Aduerso·

304 1657 370 1718 riis
385 1675 455 1744 pag,
478 1656 540 1731 64,
565 1653 621 1720 ubi
641 1651 728 1742 quod
750 1653 797 1720 rir
817 1673 960 1724 summus
980 1652 1162 1720 emendavit
1180 1654 1385 1734 ἐπικαλύψας
1412 1655 1481 1716 ε’πι-

303 1757 389 1840 πλύῳ
412 1759 484 1848 (pro
502 1755 706 1846 ἐπικάμψας)
720 1756 841 1842 diserte
855 1757 891 1830 ,in
909 1758 1095 1825 Marciano
1113 1756 1233 1824 codice
1252 1759 1481 1848 scriptumest.

303 1863 427 1930 Eodem
453 1885 558 1930 errore
586 1861 672 1952 opud
700 1860 901 1928 sirmond
923 1861 982 1929 lx.
1002 1887 1034 1953 p.
1055 1865 1132 1930 391.
1155 1863 1231 1928 libri
1251 1861 1404 1930 exhibent
1424 1865 1478 1945 ἐφ’

302 1962 336 2042 ἧς
359 1968 608 2051 παρεπέμπομεν
628 1991 687 2058 pro
708 1970 769 2052 αφ’
790 1965 887 2050 ἧσπερ
904 1968 1116 2046 ἀπελίπομεν.
1152 1965 1308 2034 Similiter
1329 1976 1360 2060 N
1381 1979 1413 2032 et
1430 1975 1488 2032 Ar

300 2072 456 2164 permixte
475 2095 542 2140 esse
564 2072 635 2139 ride
655 2077 687 2142 iu
708 2071 902 2140 Senium-
916 2072 1085 2139 Meletem.
1110 2069 1195 2139 ortt.
1210 2097 1283 2163 pag.
1304 2077 1357 2140 95.
1392 2069 1483 2155 Quid.

301 2201 339 2244 eo
362 2177 493 2244 homine
512 2179 609 2244 lec-ins
630 2179 685 2268 qui
705 2200 764 2268 pro
783 2181 814 2244 ἐν
833 2179 907 2262 ᾅδου
926 2179 1034 2269 potuit
1050 2178 1174 2244 ε’λιούδου
1194 2177 1356 2245 scribere?
1381 2177 1478 2242 Plura

300 2281 389 2348 debit
409 2285 545 2352 Burnus
576 2282 752 2350 Comment.
777 2272 959 2376 Palaeogri
982 2307 1055 2374 pag.
1075 2287 1140 2350 723
1160 2307 1207 2374 sq.

350 2388 399 2452 nd
418 2413 492 2478 pag.
512 2392 587 2454 201.
634 2387 736 2479 Saepe
766 2388 895 2468 εύλκμαι
922 2401 955 2454 et
983 2388 1160 2478 composite
1185 2391 1218 2453 in
1241 2389 1397 2467 εἴλημμαι
1421 2387 1487 2454 ύο·.

301 2505 430 2584 prevete
460 2497 546 2560 su'nt.
585 2495 656 2560 Duo
688 2494 834 2584 exempla
863 2515 901 2558 ex
932 2494 1087 2558 Pouuuor
1116 2494 1316 2582 subiuugnm.
1363 2490 1479 2557 fiditur

300 2599 356 2664 lt.
379 2602 452 2665 154.
483 2598 581 2682 μίτρα
605 2598 730 2681 ποικίλον
752 2600 808 2674 τὴν
837 2600 984 2681 κεφαλὴν
1012 2598 1278 2673 κατείληπται
1307 2598 1476 2666 manifesto

301 2728 407 2772 errore
426 2727 485 2794 pro
505 2701 709 2778 κατεέλνπαι,
727 2716 758 2770 et
779 2704 886 2789 §²19l.
910 2700 1018 2780 ἔξωύεν
1040 2701 1073 2766 δὲ
1094 2701 1226 2794 τυλώδει
1244 2702 1334 2783 παραὶ
1352 2727 1477 2770 κατει-

301 2811 492 2891 λημμένον
516 2832 575 2900 pro
595 2809 830 2889 κατειλημένον.
1303 2867 1308 2875 .

347 2915 450 2981 Multa
478 2925 551 2980 sunt
578 2913 752 2994 voeabula,
781 2914 815 2980 in
841 2915 960 3006 quibus
978 2911 1101 2978 librarii
1119 2913 1258 2979 solemni
1273 2936 1381 2980 errore
1398 2936 1477 2982 eon·

302 3033 468 3089 sonantem
489 3021 654 3111 duplicare
673 3020 792 3100 solent,
822 3021 909 3086 utin
930 3021 1044 3101 μέλλει
1063 3040 1122 3109 pro
1143 3019 1252 3098 μέλει,
1276 3019 1407 3101 κνίοοα,
1430 3048 1477 3088 τι-

301 3126 432 3206 θασούς,
465 3127 675 3208 διαύουλλεῖν,
706 3126 885 3210 Κηφιοούς,
920 3123 1074 3206 Ἐριννύς,
1099 3123 1178 3190 eliis.
1229 3124 1415 3215 Numquam
1443 3127 1481 3193 id·

301 3234 432 3312 vitium,
462 3231 549 3321 quod
577 3231 690 3311 seium,
714 3230 957 3323 plus'ealigiuis
975 3228 1104 3308 offudit,
1133 3253 1231 3319 quam
1250 3231 1283 3296 in
1302 3232 1377 3298 loco
1397 3233 1477 3299 Dro-

300 3357 387 3405 ursu
408 3338 528 3403 Hunc.
546 3335 606 3403 Ill.
630 3342 679 3404 41.
713 3339 840 3422 δευτέρῳ
868 3341 894 3405 δ’
917 3337 1022 3418 ύςερον
1047 3335 1109 3402 ἔτει
1136 3336 1234 3402 πούλιν
1259 3344 1319 3402 τῶν
1347 3343 1480 3417 Οὐηιενα

299 3450 398 3509 τανῶν
420 3441 668 3508 καταλυσούντων
694 3433 941 3520 ύιςέποιύοαντο
968 3441 1042 3520 πρὸς
1072 3442 1166 3505 αὐτὸν
1191 3441 1313 3520 οὶνοχύος
1339 3444 1391 3507 καὶ
1416 3443 1476 3516 τύις

300 3546 426 3618 ύιλλας
454 3545 621 3623 ἀξιούντων
645 3531 827 3626 ύπολαβεύν
852 3545 979 3624 πύλεις,
1002 3542 1041 3608 ὧν
1059 3545 1111 3609 ἐπὶ
1134 3545 1293 3623 Ῥωμύλου
1317 3546 1477 3624 βασιλέως

299 3654 369 3717 καθ’
393 3650 562 3728 ὁμολογίας
585 3651 751 3728 ούπέςκοαν
776 3653 883 3734 ἑτέραν
904 3653 1024 3717 τίύεται
1047 3651 1121 3731 πρὸς
1143 3652 1257 3723 αὐτούς
1276 3649 1389 3731 μύχκν
1406 3654 1476 3734 περὶ

300 3763 372 3827 ταῖς
406 3759 519 3826 Ἀλαῑς
552 3755 738 3842 (Vaticanus
768 3759 842 3840 πρὸς
870 3757 930 3829 τύις
959 3755 1082 3844 ἄλλος)
1105 3795 1152 3806 -—
1179 3755 1233 3820 eei
1262 3757 1322 3829 τοὶς
1348 3755 1476 3831 ύλλας

299 3858 406 3930 πόλεις
437 3859 471 3936 ἐξ
502 3860 616 3926 ἐκείνου
644 3871 797 3943 κατεῖχεν
827 3860 1070 3945 ἀναμφιλόγως.
1121 3862 1205 3929 Male
1236 3861 1478 3953 duplicatumt

301 3963 407 4028 omnin
427 3963 578 4053 perdidit.
620 3965 667 4032 De
688 3970 812 4034 eale'm's
830 3967 870 4033 ed
892 3965 1033 4032 Tiberim
1052 3967 1174 4033 bellurn
1194 3966 1257 4031 hoe
1276 3980 1399 4057 gestum
1420 3981 1477 4036 est.

300 4068 448 4136 Veientes
477 4072 611 4138 salinas
637 4073 779 4165 recipere
807 4073 891 4161 (τοὺς
914 4070 1014 4159 ύλας)
1041 4072 1206 4151 volebant,
1239 4095 1303 4138 nou
1327 4077 1478 4164 reliquas

300 4177 414 4256 urbes,
438 4198 519 4266 quae
540 4179 649 4244 nullae
669 4192 770 4248 erant.
818 4178 964 4246 Ilmenda
982 4179 1068 4251 τοὺς
1092 4178 1195 4252 ἅλας
1214 4179 1381 4256 ἀξιούντων
1397 4182 1477 4246 απο-

297 4283 433 4363 λαβεῖν,
457 4279 495 4348 ὧν
517 4285 567 4350 ἐπὶ
590 4286 750 4365 Ῥωμύλου
765 4285 1008 4360 -αοέπέςκοαν,
1027 4288 1100 4350 'tum
1125 4283 1192 4365 περὶ
1214 4285 1300 4355 τοὺς
1326 4281 1425 4357 ἅλας
1445 4295 1478 4348 et

298 4387 351 4454 uxi
382 4388 467 4460 τούς
497 4387 594 4463 ύλας
625 4391 660 4468 ἐξ
686 4391 799 4456 ἐκείνου
828 4398 993 4470 κατεῖχεν.
1043 4388 1253 4457 Confirmnbit
1281 4388 1362 4453 haee
1390 4388 1476 4455 Pnu-

301 4511 454 4560 relicuus
482 4493 515 4558 in
546 4495 687 4563 Rmnulo
708 4516 734 4562 o.
755 4499 796 4562 25
816 4494 857 4562 de
885 4494 996 4562 eadem
1017 4497 1210 4567 rescribens
1230 4499 1288 4559 τῶν
1311 4494 1399 4574 παρὰ
1423 4495 1476 4559 τὸν

300 4599 441 4678 ποταμὸν
466 4599 614 4674 ε’κςούνπες
640 4601 823 4680 οὶλοπονί
830 4625 894 4674 ων,
922 4601 977 4668 sed
1002 4604 1142 4694 optimus
1160 4600 1327 4670 fideiussor
1344 4609 1392 4662 est
1409 4597 1475 4687 ipse

301 4701 477 4772 llrortrsrus
498 4703 537 4772 ll.
561 4711 613 4772 55.
647 4704 734 4776 δίκας
764 4703 779 4766 ὁ
809 4705 967 4785 Ῥωμύλος
995 4709 1102 4780 αὐτοῖς
1125 4701 1349 4796 (Veientibus)
1377 4704 1476 4770 ἐπιτί-
