3767 5717
1329 634 1445 705 'xv

278 843 319 911 nt
340 840 464 912 santus
491 840 528 907 et
547 830 748 931 ingeniosus
770 830 906 905 iuvenis
932 829 979 905 ud
1001 830 1094 905 huno
1116 834 1321 929 apparatum
1342 830 1449 906 Criti-

280 986 364 1038 enm
382 960 663 1061 mgnosrmndum
684 965 722 1033 et
741 959 988 1035 excutiendum
1009 954 1214 1036 elideretur.
1246 960 1353 1035 Nune
1367 984 1448 1035 con·

277 1098 333 1165 tra
351 1098 418 1165 est:
443 1113 574 1164 nausea
596 1094 633 1162 et
654 1087 836 1163 fastidium
857 1088 950 1187 rapit
968 1087 1106 1163 animos
1128 1087 1166 1161 in
1188 1088 1257 1167 ista
1280 1088 1372 1163 mole
1394 1087 1452 1161 in·

281 1218 420 1319 digesta
438 1218 689 1316 seriptruamm
710 1215 845 1291 nulius
863 1215 986 1315 pretii,
1011 1238 1098 1314 quas
1119 1215 1371 1290 houmoiones
1392 1238 1452 1291 su·

277 1371 341 1446 pra
366 1370 474 1445 quam
493 1343 590 1418 oredi
613 1348 730 1443 potest
748 1342 869 1418 tntilss
886 1348 926 1417 et
948 1342 1122 1443 nugatorii
1149 1342 1317 1417 fuderunt
1339 1344 1454 1419 heilu-

279 1474 454 1548 cinentesr
468 1472 576 1569 inque
594 1494 635 1544 eo
655 1470 793 1570 gurgite
812 1470 872 1544 hie
888 1470 961 1544 illie
980 1477 1103 1548 natent
1121 1471 1332 1570 optimorum
1348 1469 1452 1545 libro·

281 1624 364 1677 trun
384 1598 619 1695 vetustissima
636 1598 808 1697 quaedem
830 1599 977 1688 menda,
1001 1598 1100 1673 intus
1121 1598 1272 1698 optimas
1289 1597 1458 1673 lentinum

284 1726 474 1814 mantia,
510 1750 599 1824 quae
630 1717 736 1803 simul
766 1732 875 1825 atque
904 1725 1018 1825 perite
1049 1730 1088 1804 et
1121 1726 1275 1801 sollerter
1308 1750 1457 1803 menum

281 1854 474 1931 admoveris
501 1854 612 1929 veluti
634 1853 781 1953 igniculi
804 1854 951 1953 qnidam
978 1850 1129 1929 emicant
1151 1864 1187 1929 et
1210 1878 1257 1929 ex
1274 1862 1349 1929 atre
1371 1852 1453 1929 osli·

282 1982 364 2083 gine
383 1980 513 2056 ohram
533 1981 648 2056 lucem
666 1980 865 2057 effundunt
913 1981 994 2057 Hae
1015 1990 1100 2055 srmt
1119 1981 1352 2081 dirumpentes
1371 1980 1454 2057 sori·

282 2118 405 2212 pturae
427 2109 533 2184 utiles
552 2114 607 2197 et,
626 2117 668 2182 ut
691 2108 744 2182 ita
765 2108 899 2197 diuum,
921 2108 1132 2198 foeormdns,
1158 2108 1196 2183 in
1220 2107 1349 2207 qussrus
1372 2115 1458 2183 sunt

280 2237 413 2333 seminia
440 2234 724 2311 emendationum
748 2235 787 2311 in
812 2236 889 2311 aliis
912 2237 996 2311 loeis
1018 2246 1054 2313 et
1079 2237 1302 2337 scriptoribus
1325 2236 1454 2311 droien-

280 2364 415 2441 dumm.
463 2364 520 2438 Er
545 2364 600 2438 his
628 2364 738 2464 igitur
762 2364 842 2439 elici
865 2372 1013 2463 possunt
1036 2364 1291 2439 observationes
1312 2364 1457 2439 Palaeo-

283 2492 466 2591 graphione
488 2497 602 2567 oertae
622 2498 659 2567 et
677 2490 820 2565 stabiles
844 2491 1027 2591 scriptores
1050 2493 1199 2567 Graeoos
1220 2491 1458 2565 emendaturis

282 2642 446 2717 praesens
462 2617 596 2716 ubique
610 2617 779 2692 auxilium
797 2619 981 2707 allaturae,
1002 2642 1072 2717 quo
1088 2619 1151 2716 qui
1166 2618 1356 2693 destitutus
1369 2618 1456 2717 erit,

286 2745 318 2819 si
345 2744 474 2817 iudicio
503 2745 613 2832 valet,
648 2744 777 2817 multas
802 2768 905 2842 saepe
934 2744 1082 2841 ineptias
1108 2749 1144 2816 et
1170 2744 1322 2817 absurde
1342 2744 1457 2819 multa

284 2872 377 2947 inter
389 2870 578 2971 legendnm
590 2870 846 2971 deprehendere
858 2871 1005 2971 poterit,
1028 2872 1090 2945 sed
1107 2870 1225 2945 tollere
1240 2877 1276 2944 et
1287 2870 1458 2970 corrigere

286 3024 401 3099 neque
420 3000 546 3099 poterit
561 3022 677 3097 neque
695 2998 859 3088 audebit,
878 2998 963 3097 quia
984 2998 1108 3075 erroris
1124 2998 1294 3099 originem
1318 2998 1455 3097 exoogi-

284 3135 358 3203 tare
379 3134 416 3202 et
437 3127 629 3227 perspicere
649 3149 720 3201 non
742 3134 867 3227 potest.
887 3127 979 3206 Quis
1002 3127 1113 3216 enim,
1129 3128 1191 3226 qni
1206 3127 1458 3225 eircumspeoto

284 3253 413 3330 iudicio
432 3260 486 3327 est
507 3262 544 3328 et
564 3255 608 3327 ab
631 3252 729 3328 omni
743 3254 939 3329 temeritate
961 3254 1102 3354 ingenio
1117 3262 1152 3330 et
1164 3261 1289 3329 natura
1301 3255 1455 3343 alienus,

287 3382 407 3481 qunles
424 3381 530 3455 multi
544 3381 673 3456 dentur
686 3382 783 3480 apud
798 3389 990 3470 nostrates,
1010 3382 1048 3455 in
1066 3382 1223 3459 animum
1237 3382 1381 3456 indnoet
1391 3404 1457 3480 pro

283 3510 502 3603 demandare
515 3511 746 3606 metram,
762 3516 825 3584 aut
842 3511 1064 3609 παροιμίαν
1083 3535 1146 3609 pro
1160 3510 1283 3598 πόλιν,
1296 3516 1359 3583 snt
1378 3509 1455 3609 γάρ

284 3664 347 3739 pro
371 3639 578 3739 γράφεται,
602 3644 665 3713 aut
688 3642 798 3724 τινές
820 3663 883 3737 pro
906 3640 1102 3738 patmos,
1126 3645 1188 3713 aut
1206 3641 1260 3725 ὡς
1278 3660 1342 3735 pro
1362 3639 1455 3725 κάί,

288 3773 351 3841 eut
367 3770 466 3865 πρός
485 3790 549 3864 pro
562 3767 638 3856 εἰς,
657 3766 781 3857 κατά,
802 3767 894 3855 καί,
916 3768 992 3855 ὡς,
1008 3772 1070 3839 aut
1090 3766 1191 3869 κατά
1204 3789 1266 3863 pro
1279 3765 1374 3851 α’πό,
1392 3769 1456 3837 eut

286 3902 448 3969 sexcenta
477 3892 831 3981 alia-hriusoemodi,
862 3891 932 3967 nisi
956 3893 1040 3969 hoen
1064 3892 1181 3967 omnia
1204 3892 1242 3965 in
1265 3890 1456 3965 Godioibns

284 4023 439 4121 antiquis
466 4028 528 4097 aut
550 4022 675 4097 viderit
698 4030 762 4097 aut
789 4046 811 4095 a
836 4021 996 4109 Brsnro,
1029 4020 1222 4109 Perenne,
1252 4021 1456 4109 Dosnsnn,

286 4146 600 4236 Vsncxnnnnnro,
624 4148 919 4223 Hnnsnnraosro
943 4148 1103 4222 didicerit
1128 4172 1169 4225 so
1194 4148 1299 4223 modo
1319 4146 1456 4223 exarari

285 4285 323 4353 et
354 4278 454 4376 pingi
485 4276 611 4362 solere,
642 4283 683 4349 ut
714 4275 782 4349 nisi
811 4273 857 4349 ab
888 4283 990 4349 aouto
1025 4282 1061 4349 et
1095 4276 1230 4351 erudito
1261 4276 1386 4349 lectore
1417 4279 1455 4349 et

283 4404 350 4480 hoo
368 4411 494 4504 ugente
515 4400 663 4477 discerni
685 4402 927 4503 nonpossint,
951 4408 987 4476 et
1008 4401 1054 4477 ab
1078 4403 1238 4503 imperita
1260 4402 1452 4477 scribarum
1495 4448 1501 4457 .

280 4533 423 4608 natione
454 4530 643 4605 senoenties
675 4530 819 4605 ronfrrsa
845 4536 882 4605 et
909 4537 1107 4627 permutata
1128 4531 1209 4607 sint.
1244 4530 1355 4617 ,serio
1380 4554 1451 4604 oro·

280 4660 363 4734 dere
392 4665 581 4757 potuerunt
609 4657 738 4732 eruditi
769 4657 926 4733 homines
957 4664 994 4733 et
1021 4657 1062 4731 in
1092 4658 1147 4735 his
1174 4682 1266 4733 unns
1293 4659 1451 4733 omnium

278 4786 501 4865 acutissimus
515 4786 692 4863 Wonrros
710 4785 749 4860 in
770 4785 1021 4884 Praeparetur
1032 4788 1082 4861 od
1092 4786 1286 4863 Horrnnun
1304 4813 1338 4885 p.
1352 4810 1452 4861 oxon
