3767 5717
1402 662 1472 715 x111

308 837 490 937 palmarias
523 834 783 910 emendationes
815 832 885 907 non
911 831 994 906 tacit
1023 839 1059 906 et
1088 830 1240 920 invenit,
1272 832 1334 907 sed
1367 842 1477 909 certos

307 972 459 1065 praestat
487 971 524 1038 et
547 950 771 1037 demonstrat.
819 962 902 1035 Non
934 961 1018 1035 sctis
1051 967 1105 1035 est
1136 961 1182 1035 ad
1207 950 1309 1035 crisin
1335 959 1479 1037 feliciter

307 1078 533 1169 exercendam
554 1099 589 1165 et
611 1114 729 1191 sapere
749 1096 785 1163 et
808 1089 947 1189 linguae
965 1114 1070 1163 usum
1089 1078 1316 1163 serationem
1335 1112 1477 1163 omnem

309 1208 564 1295 accuratissime
598 1204 716 1290 tenere
748 1224 784 1290 et
813 1218 850 1289 in
878 1223 1020 1315 promtu
1050 1216 1192 1291 habere:
1228 1240 1316 1313 opus
1343 1225 1397 1290 est
1421 1240 1479 1291 ve·

310 1345 426 1423 tustos
446 1348 592 1421 Codices
617 1333 846 1444 scriptos‘diu
869 1353 905 1418 et
923 1346 1077 1419 multum
1098 1366 1269 1431 versasse,
1294 1350 1330 1417 et
1355 1344 1481 1419 scribe-

309 1460 405 1549 rum'
419 1459 593 1547 inscitiam
621 1480 658 1546 et
681 1473 872 1547 socordiam
897 1474 1086 1549 sexcenties
1112 1460 1167 1547 ’ἐπ’
1188 1474 1393 1569 αὐτοφώρῳ
1421 1470 1482 1545 de·

207 1580 211 1586 ¹
311 1602 554 1701 prehendisse,
587 1608 623 1673 et
647 1600 776 1699 passim
802 1600 928 1675 vidisse
958 1586 1102 1674 nascens
1128 1600 1251 1673 vitium
1277 1605 1313 1671 et
1337 1596 1482 1696 gliscen-

313 1716 534 1816 tem3labem,
554 1735 591 1801 et
612 1734 653 1801 ut
672 1751 765 1802 error
788 1721 937 1801 errorem
955 1714 1098 1801 trahere
1112 1733 1147 1800 et
1169 1750 1288 1826 parere
1307 1726 1429 1814 soleat,
1449 1727 1485 1800 et

313 1877 404 1954 qnae
436 1855 565 1929 menda
597 1880 640 1929 en
670 1877 740 1953 quo
771 1841 948 1929 scribendi
977 1878 1121 1953 genere,
1155 1853 1357 1953 exquibus
1388 1854 1485 1953 siglis
1553 1892 1560 1907 =

312 1984 569 2082 ‘compendiisre
599 1984 770 2071 oriantur,
802 1991 838 2057 et
869 1970 1166 2081 quemadmodum
1193 1989 1293 2055 vetus
1318 1982 1486 2081 scriptura

315 2096 480 2208 primun
498 2112 618 2186 leuiter
644 2110 766 2185 affecta
791 2125 1022 2188 correctorum
1050 2110 1243 2185 temeritate
1268 2119 1347 2185 ruat
1368 2110 1404 2183 in
1425 2132 1506 2211 pus

313 2240 391 2327 ius,
426 2247 462 2313 et
488 2240 672 2338 antiquum
706 2240 845 2315 dicendi
870 2250 981 2337 genus
1015 2239 1060 2313 ad
1086 2239 1284 2337 aequiorum
1308 2237 1485 2336 negligen-

315 2367 402 2444 tiam
426 2371 635 2467 refingatm,
669 2375 705 2442 et
725 2368 859 2441 insulsa
883 2368 1067 2442 sciolorum
1091 2354 1429 2441 addito-mentaolim
1448 2364 1486 2437 in

314 2496 471 2593 margine
491 2496 680 2596 adscripta,
705 2504 767 2571 aut
790 2496 882 2570 inter
905 2480 1023 2569 versus
1050 2495 1270 2593 interposita,
1293 2494 1382 2567 male
1403 2494 1485 2566 irre·

315 2631 420 2718 pent,
452 2632 489 2697 et
513 2624 712 2698 observasse
737 2624 887 2721 denique
910 2648 999 2720 quae
1021 2623 1070 2695 sit
1093 2613 1258 2719 peccandi
1278 2612 1385 2697 veluti
1404 2644 1485 2695 con·

317 2746 445 2821 stantia
466 2748 637 2846 quaedam
660 2755 697 2819 et
720 2747 895 2844 analogia,
921 2754 962 2819 ut
981 2748 1018 2818 in
1037 2746 1159 2818 eadem
1184 2770 1221 2817 re
1243 2743 1336 2818 idem
1361 2746 1485 2820 vitium

315 2876 477 2973 frequens
501 2884 536 2949 et
557 2898 742 2949 commune
759 2874 828 2961 sit,
861 2883 897 2946 et
919 2873 1027 2946 semel
1053 2873 1243 2969 deprensus
1269 2894 1361 2947 error
1388 2898 1484 2971 egre·

317 3004 412 3103 giam
443 2988 545 3102 opem
572 3003 660 3076 serat
687 3026 758 3075 non
787 3000 891 3075 simili
914 3001 1006 3083 malo
1031 3001 1092 3075 sed
1119 3024 1259 3098 pmrsus
1280 3000 1393 3074 eidem
1419 2998 1487 3075 alio

317 3130 392 3205 loeo
424 3141 486 3204 aut
512 3131 550 3203 in
576 3131 644 3205 alio
670 3116 844 3228 scriptore.
900 3128 1042 3227 Siquis
1071 3128 1241 3203 Codicum
1273 3123 1401 3203 auxilio
1438 3126 1487 3203 sic
1595 3112 1598 3117 ⁵

318 3265 456 3347 utetur,
481 3259 677 3333 emendatio
699 3257 976 3333 emendationem
999 3282 1123 3331 novam
1147 3258 1274 3356 pariet,
1305 3260 1340 3331 ct
1366 3278 1487 3331 omnes

317 3387 445 3486 pariter
472 3394 602 3461 certam
623 3387 730 3461 fidem
752 3393 791 3459 et
812 3386 1081 3486 πειθανάγκην
1102 3384 1292 3461 habebunt.
1344 3386 1401 3460 Sic
1427 3386 1499 3459 de·v

316 3516 462 3589 'suttoria
491 3516 614 3589 levitas
631 3501 806 3613 ⁴urguetur
832 3522 869 3588 et
891 3504 1118 3613 castigabitur
1143 3515 1318 3589 temeritas
1347 3534 1487 3599 eorum,

315 3643 383 3740 qui
405 3643 511 3716 illotis
534 3643 697 3717 manibus
727 3642 813 3716 haec
840 3664 935 3715 sacra
964 3648 1166 3729 attrectant,
1193 3636 1347 3739 ecquod
1368 3636 1489 3713 verum

321 3758 492 3869 estquis
516 3796 636 3845 omnes
653 3768 805 3843 veritatis
822 3762 985 3842 numeros
1002 3768 1165 3853 babebit,
1184 3762 1360 3841 ⁴consensu
1380 3788 1488 3861 agno·

323 3906 446 3972 scetur.
497 3898 721 3997 Quicumque
746 3898 904 3971 nondum
926 3897 1031 3995 longo
1044 3914 1131 3969 >usu
1144 3894 1350 3972 exercitatus
1371 3892 1409 3966 in
1428 3916 1488 3968 an·

323 4026 420 4125 tiquo
445 4026 607 4124 scriptore
630 4025 754 4099 vitium
774 4025 840 4099 tibi
860 4026 955 4098 visus
978 4050 1014 4099 es
1037 4018 1377 4123 deprehendisse,'et
1396 4022 1488 4097 trau·

314 4153 402 4227 ‘dem
420 4142 636 4227 librariorum
651 4160 768 4227 tenere
786 4162 820 4227 to
832 4162 954 4252 putea,
979 4154 1123 4227 ostende
1136 4151 1223 4225 mihi
1235 4174 1383 4227 errorem
1396 4150 1490 4224 'eius-

322 4268 499 4355 demmodi
516 4280 553 4353 in
575 4280 682 4353 simili
700 4306 738 4354 re
757 4279 1000 4369 commissum,
1019 4280 1322 4379 expromelocum
1346 4278 1410 4351 ubi
1424 4278 1490 4351 hoc

320 4397 454 4508 ipsum,
488 4409 583 4507 quod
607 4415 648 4482 tu
669 4410 826 4506 reponis,
861 4398 1049 4502 emendate,
1070 4409 1237 4507 seriptum
1265 4413 1337 4493 est,
1356 4404 1400 4479 'e't
1426 4406 1491 4479 erit

320 4560 384 4610 our
403 4544 439 4610 te
464 4524 648 4635 diligenter
670 4536 877 4618 audiamus·
896 4526 1033 4637 'Negas'
1056 4537 1121 4613 hoc
1144 4536 1219 4611 ficri
1245 4557 1348 4633 posse
1377 4540 1412 4606 et
1438 4532 1491 4611 vel

321 4662 464 4737 rictibi
494 4656 588 4739 credi
622 4653 795 4766 postulas,
830 4671 893 4738 aut
925 4665 1065 4765 ineptus
1097 4658 1377 4763 subimpudens
1417 4660 1491 4737 esse

322 4785 500 4867 amouens..
557 4793 590 4865 Ο
620 4800 799 4890 qnantum
821 4786 1018 4891 ineptarum
1037 4786 1401 4869 'correctiun'oularum
1430 4790 1490 4866 aut
