3767 5717
989 573 1053 638 862

484 764 532 834 Διί
557 789 627 858 pag.
648 769 723 833 122.
772 766 810 834 ln
836 765 1007 834 Hrsrcmo
1026 791 1055 836 r.
1080 766 1211 840 Σκότιος
1233 763 1383 832 laudetur
1404 765 1566 847 Μαρσύας
1585 767 1627 832 ἒν

436 883 475 956 τῇ
510 872 586 939 Ἰάδι
617 895 677 964 pro
707 875 737 939 έν
769 881 820 950 τήι
855 878 991 955 πράτήι,
1030 874 1117 963 quod
1147 873 1300 963 scriplum
1331 882 1401 936 eret
1431 871 1463 935 έν
1496 874 1627 945 ‘trieff-

437 978 526 1043 lllulti
554 999 674 1044 errores
703 977 798 1045 huius
827 977 951 1069 generis
975 979 1009 1043 in
1030 980 1209 1046 Pomm
1224 978 1385 1045 commissi
1405 988 1499 1055 sunt,
1522 987 1561 1041 ut
1583 975 1623 1055 Ι,

436 1087 498 1151 45.
523 1088 543 1148 2
563 1083 675 1167 άνδρας
695 1109 754 1176 pro
773 1083 885 1166 ἄνδρας
909 1084 1080 1158 διακοσίους
1104 1085 1230 1171 (ἄνδρας
1257 1087 1302 1171 σ’)
1322 1097 1355 1150 et
1375 1088 1413 1161 4,
1437 1089 1477 1162 5,
1504 1086 1519 1146 l
1545 1083 1617 1146 άπὸ

434 1189 601 1256 ταλάντων
637 1215 695 1282 pro
727 1194 790 1258 cirri
824 1189 1005 1272 τριακοσίων
1036 1189 1203 1257 ταλάντων
1235 1192 1313 1277 (άπδ
1352 1191 1382 1254 τ’
1419 1187 1622 1274 ταλάντων).

435 1293 597 1386 Imprimis
617 1297 790 1364 ridiculum
812 1295 924 1362 vitium
944 1295 1024 1361 latet
1043 1296 1075 1360 in
1096 1302 1135 1376 5,
1159 1300 1203 1361 23
1225 1295 1393 1374 δεξάμενος
1408 1331 1455 1344 -
1468 1307 1619 1369 σαλπιγ-

435 1400 515 1473 κτάς
547 1411 628 1484 τρεῖς
657 1404 710 1468 καὶ
740 1403 872 1485 σκαφάς
899 1401 916 1478 ή
946 1402 1151 1480 μονοξύλους,
1178 1401 1235 1465 ubi
1261 1398 1391 1465 (locres
1415 1399 1433 1474 ή
1454 1395 1621 1486 expunxit.

437 1505 505 1593 Ego
534 1517 616 1588 τρεῖς
647 1519 808 1599 expuncto
836 1505 968 1596 legerim
996 1504 1128 1588 οκκφάς
1156 1507 1234 1571 ὀκτὼ
1264 1503 1462 1583 μονοξύλους.
1517 1499 1616 1590 Apud

437 1611 576 1677 eundem
598 1613 764 1703 legebatur
783 1617 823 1692 2,
849 1615 888 1690 1,
915 1615 950 1675 li
976 1612 1056 1678 δυοῖν
1082 1611 1209 1692 ἡμέραιν
1232 1610 1297 1676 ὁδὸν
1321 1609 1441 1680 ἀνύσας
1460 1630 1520 1697 pro
1538 1609 1571 1672 έν
1593 1605 1617 1671 ά

436 1717 575 1791 άνύσας,
592 1720 622 1782 ἓν
637 1725 697 1802 μιρῖ
712 1718 848 1796 άνάσας,
868 1715 956 1806 quod
970 1716 1141 1782 Vlccxrrr.
1154 1713 1339 1781 correritad
1352 1713 1479 1780 Ηττον.
1489 1712 1544 1779 ΙΧ.
1559 1715 1616 1778 15.

487 1821 536 1886 ld
564 1847 596 1913 p.
629 1827 703 1891 123.
737 1823 880 1888 Verbum
911 1823 1036 1902 ἐπιχεῖν
1056 1821 1254 1887 reddendum
1276 1834 1324 1886 est
1344 1821 1494 1886 lleulmo
1515 1844 1547 1909 p.
1569 1821 1618 1881 24

439 1927 537 1993 Boiss.
557 1931 742 2010 προίεμένής
768 1932 867 2003 αὐτοῖς
889 1927 946 2000 τήν
971 1926 1088 1992 κύλικα
1110 1929 1153 2009 τῷ
1179 1926 1345 2007 Αἰγυπτίῳ
1371 1924 1424 1991 καὶ
1448 1925 1498 1989 τὸν
1519 1926 1616 2003 ήρτυ-

437 2032 527 2110 μένον
557 2030 632 2099 οἶνον
668 2032 979 2114 καταχεαμένης-
1001 2031 1071 2113 πρίν
1100 2032 1134 2096 τὸ
1164 2032 1272 2112 θερμὸν
1302 2029 1377 2112 ὕδωρ
1406 2029 1618 2108 ἐπιβαλεῖν

438 2138 504 2202 κτὲ.
542 2135 672 2226 Corrige
691 2136 940 2217 καταχεαμένης
962 2148 994 2202 el
1015 2138 1152 2216 ἐπιχεῖν.
1187 2136 1344 2202 Futurum
1363 2137 1481 2216 ἐπιχέω
1499 2131 1621 2223 legitur

439 2237 742 2330 in.lc‘1er0enrrrs
764 2243 857 2309 Pace
881 2265 923 2307 rs.
954 2245 1026 2309 166.

594 2351 628 2415 οὐ
650 2347 830 2430 κατορύξεις
854 2353 870 2434 ΙΙ
894 2347 1121 2431 κάπιφορήσεις
1144 2355 1201 2422 τῆς
1225 2357 1286 2428 χής
1310 2351 1450 2424 πολλήν,

546 2453 796 2535 κάπιφυτεύσεις
821 2448 974 2532 ἕρπυλλον
996 2449 1059 2516 άνω
1084 2459 1101 2539 ΙΙ
1125 2454 1179 2518 καί
1202 2447 1296 2536 μάρου
1319 2457 1465 2534 ἐπιχεῖςς

440 2555 598 2621 Futurum
631 2549 736 2638 ἕχχέω
767 2567 814 2622 cel
843 2555 929 2646 apud
959 2555 1210 2624 Demosmrrmmr
1232 2584 1265 2651 p.
1298 2563 1381 2639 407,
1411 2561 1463 2624 16.
1492 2559 1526 2623 οὐ
1552 2558 1618 2638 γάρ

438 2663 499 2739 ἐγὼ
526 2663 666 2742 κρίνομαι
695 2662 826 2743 τήμερον
854 2661 916 2726 οὐδ’
944 2663 989 2740 ἐχ
997 2672 1067 2741 χεῖ
1092 2664 1179 2742 μετά
1200 2668 1290 2730 ταῦθ’
1313 2666 1390 2747 ὕδωρ
1410 2663 1507 2736 οὐδεὶς
1531 2663 1615 2742 ε’μοί.
1724 2670 1725 2677 ’

439 2766 560 2832 Futuro
577 2766 731 2847 παρωχέω
744 2765 845 2830 utitur
857 2765 969 2830 Pmo
981 2763 1129 2834 Comicus
1140 2769 1226 2859 apud
1240 2768 1364 2835 Aruer.
1378 2770 1447 2836 XV.
1459 2793 1492 2859 p.
1505 2769 1572 2833 665
1583 2787 1614 2832 c.

571 2870 693 2951 νίπτρον
717 2867 888 2950 παραχέων
910 2869 1060 2952 έρχοριαιε
1084 2876 1173 2952 neec
1197 2876 1228 2938 δὲ
1251 2877 1483 2957 παρακορήσων.

438 2977 596 3043 Futurum
625 2976 742 3058 διαχέω
772 2975 973 3043 reddendum
1000 2980 1157 3046 mortem
1185 2981 1304 3047 llmc.
1335 2980 1388 3047 Vl.
1419 2985 1475 3048 62.
1505 2985 1524 3058 ή
1553 2989 1617 3048 τοῖν

437 3083 591 3165 Φυγάδων
625 3079 719 3160 ἰσχὺς
757 3084 790 3146 οὐ
823 3084 922 3148 πολὺν
950 3085 1070 3162 άνίὲξει
1099 3085 1421 3168 χρόνον-ἀναρχία
1445 3111 1482 3153 τε
1505 3091 1615 3162 αὐτοῖς

437 3191 476 3262 ὡς
509 3187 609 3258 εἰκὸς,
645 3184 698 3248 καί
728 3184 820 3258 τάσις
846 3187 881 3250 ἑκ
908 3195 964 3262 τής
983 3190 1142 3269 άναρχίας
1164 3192 1349 3268 ἐμπεσοῦσα
1372 3194 1462 3273 ταχὺ
1488 3194 1614 3272 διαχέει

383 3338 386 3346 .
439 3292 491 3357 eei
513 3289 634 3355 διαλύει
658 3288 700 3353 τά
722 3289 943 3369 βουλεύματα.
994 3292 1077 3377 Quid
1099 3295 1243 3361 futurum
1265 3296 1305 3360 sil
1322 3296 1445 3386 Appius
1461 3296 1616 3365 claudius

434 3397 655 3476 demonsiret,
680 3418 744 3460 non
767 3393 844 3484 quid
865 3395 940 3462 fiel:
966 3400 1087 3490 corrige
1106 3402 1217 3482 διαχεῖ
1231 3402 1284 3468 καί
1307 3401 1461 3471 διαλύσει.
1496 3405 1617 3473 Forma

441 3503 563 3584 διαχέοι
598 3502 722 3567 inreela
752 3514 800 3568 est
830 3527 847 3569 a
878 3502 1061 3585 Graeculis,
1095 3506 1152 3596 qui
1177 3506 1299 3583 πλέειν,
1329 3509 1451 3583 πνέειν,
1480 3511 1557 3576 δέειν
1583 3526 1617 3580 et

442 3608 556 3675 similia
584 3606 625 3672 de
653 3630 710 3672 suo
739 3606 815 3676 dere
843 3609 969 3689 solent,
997 3622 1034 3676 ul
1061 3611 1145 3702 apud
1167 3613 1353 3678 Drorrsmrr
1372 3613 1477 3704 ipsum
1498 3617 1552 3683 xl.
1572 3623 1613 3686 31

442 3715 592 3796 συγχέειν
613 3724 645 3777 et
666 3712 788 3793 ε’κχὲεις
811 3703 923 3779 vitiose
941 3715 1102 3807 leguntur.
1149 3718 1307 3784 lluturum
1327 3718 1393 3800 χίω
1413 3722 1509 3787 etiem
1529 3723 1615 3814 apud

444 3819 743 3889 seriores-occurrit.
779 3819 969 3886 Hirsrcfflus
988 3825 1168 3907 καταχρί
1174 3852 1220 3890 σω
1241 3825 1328 3914 (lege
1346 3830 1616 3918 κατακαχράσω);

444 3929 595 4009 σογχέω,
628 3924 765 4004 ταράξω.
815 3924 876 4008 Qui
902 3928 971 4007 χύω
1003 3941 1035 3994 el
1062 3932 1150 4010 χάνω
1176 3930 1310 3995 barbare
1333 3954 1392 4022 pro
1416 3933 1482 4014 χέω
1510 3933 1617 4001 dicere

441 4043 640 4125 coeperunt,
663 4029 761 4094 iidem
784 4035 850 4109 χεῑό
876 4031 918 4096 et'
930 4038 1069 4112 χεοῦμεν
1092 4033 1280 4125 scriptitent.

493 4140 542 4206 Ad
572 4163 604 4229 p.
637 4133 711 4203 128.
763 4134 837 4202 Non
869 4139 1010 4204 melioris
1036 4152 1132 4206 notre
1159 4151 1207 4206 est
1234 4142 1337 4208 forme
1368 4146 1617 4231 κατασκεδάζειν

446 4248 531 4342 apud
559 4249 714 4312 Puerum
740 4243 773 4308 in
801 4262 830 4312 v.
863 4267 921 4334 pro
949 4247 1254 4328 κατασκεδαννάναι,
1287 4273 1384 4339 quam
1408 4251 1557 4343 imperite
1578 4277 1615 4319 ex

447 4354 706 4424 κατεσκεδάσατο
733 4351 903 4417 finxerunt.
949 4353 1172 4420 PLunlrclws
1203 4355 1245 4420 de
1271 4361 1397 4422 er'rlute
1425 4359 1622 4426 Alexandri

446 4466 581 4558 pelo.
615 4477 643 4525 n.
670 4456 867 4547 negligenter
891 4461 1144 4542 μεταμφιέζουσι
1176 4461 1319 4552 scripsit,
1344 4477 1379 4530 et
1409 4465 1617 4549 μετήμφίαζε

448 4572 490 4637 de
525 4567 674 4656 Pythiae
702 4567 849 4630 oraculis
877 4589 912 4655 p.
946 4567 1021 4631 406.
1052 4584 1082 4630 lt.
1140 4565 1241 4633 Nihili
1271 4568 1373 4634 forme
1405 4581 1453 4636 est
1481 4571 1555 4638 δαίω
1585 4581 1618 4635 et

449 4674 595 4752 δαίομαι,
638 4693 734 4761 quem
771 4669 1002 4761 lexicographi
1038 4672 1190 4752 afferunt,
1232 4698 1290 4765 pro
1325 4677 1451 4757 δαίνυμι
1487 4689 1519 4742 οῖ
1552 4675 1619 4741 δαί-
