3767 5717
866 603 931 670 397

305 818 432 872 tantum
460 803 494 866 in
521 798 585 872 ἶσοι
617 798 695 890 quid
723 797 933 888 designaverit
954 818 1118 887 cognosco.
1165 796 1349 864 Promiscue
1368 799 1423 865 όσοι
1443 812 1475 867 et

303 909 362 978 ἶσοι
390 908 499 975 scribit
522 906 675 972 Τόονίοιο.
695 909 757 972 751
782 917 814 971 et
835 907 915 983 943,
943 904 1011 979 ἴσον
1032 902 1192 994 spondeus
1212 915 1260 969 est
1279 926 1322 971 as.
1341 908 1418 973 259.
1443 919 1476 973 et

302 1017 377 1087 ἴσως
400 1039 441 1082 νο.
462 1016 526 1078 226
545 1021 577 1076 et
598 1015 674 1078 227.
695 1009 868 1077 =Produxit
886 1007 950 1082 ἶσος
970 1010 1004 1074 in
1024 1011 1142 1088 Ξσοιῑος,
1160 1010 1248 1101 quod
1267 1011 1298 1076 ci
1316 1011 1475 1100 significat

304 1117 423 1198 ὅμοιος,
450 1118 565 1190 ἴκελος,
593 1116 769 1196 ε’νοολόγνιοο
792 1117 895 1207 prima
920 1115 1013 1205 longa
1034 1139 1076 1182 rs.
1099 1118 1174 1182 360.
1223 1115 1346 1182 Deinde
1373 1118 1475 1185 forma

301 1225 407 1304 Ξσόινις
439 1223 583 1288 ιοῑίῑιιοο
609 1221 745 1311 Tragicis
766 1233 885 1299 sumta,
910 1220 1007 1287 modo
1024 1218 1181 1308 producta
1200 1221 1304 1312 prima
1325 1247 1365 1289 rs.
1386 1227 1471 1302 643,
1527 1217 1532 1222 ’

300 1328 398 1393 modo
419 1340 564 1418 correpta
587 1352 627 1394 rs.
648 1331 723 1396 788.
773 1328 855 1392 Tum
873 1326 1023 1409 όσοόζοιοοοι
1042 1349 1080 1391 ex
1101 1325 1272 1393 llomcrlco
1294 1328 1390 1411 ἷσοόζω
1412 1329 1474 1394 eli·

302 1432 386 1510 cuit,
419 1431 474 1497 sed
496 1444 531 1496 ut
552 1431 707 1520 significet
728 1430 830 1511 ἔοικοι,
859 1432 998 1512 ἐμφερής
1019 1433 1103 1509 εἰμι,
1134 1444 1167 1496 et
1186 1433 1323 1521 primam
1343 1434 1473 1500 brcrcm

300 1535 379 1602 lacit
401 1561 442 1606 vs.
464 1541 529 1605 286
552 1549 583 1603 et
602 1540 677 1604 886.
723 1535 869 1628 Denique
898 1545 1078 1600 monstrum
1105 1548 1138 1601 et
1165 1549 1352 1629 portentum
1381 1541 1471 1606 verbi

301 1642 343 1708 de
365 1666 421 1708 suo
441 1654 640 1708 commentus
659 1653 707 1708 est
729 1643 871 1721 ἷσοιόομοοι
890 1662 950 1730 pro
969 1637 1069 1718 όμοιός
1094 1643 1174 1720 εἰμι,
1208 1642 1299 1708 nullo
1324 1645 1472 1737 exemplo

300 1760 332 1814 et
362 1761 471 1814 contra
502 1771 630 1814 omnem
659 1746 838 1836 analogiam
865 1747 994 1823 fictum,
1020 1744 1125 1834 prima
1151 1746 1229 1814 item
1250 1762 1412 1840 correpta,
1436 1750 1470 1813 in

303 1853 535 1946 Alextp'ltarm.
561 1877 604 1920 vs.
630 1857 706 1921 399.

480 1962 535 2033 σὴν
559 1959 624 2034 ἤτοι
647 1959 773 2040 γενόμῷ
797 1959 854 2038 μὲν
877 1958 1054 2038 ἷσοοιομόννν
1076 1957 1158 2035 {oolla
1182 1959 1296 2040 νόρδῳ,

300 2060 474 2126 bellissime
503 2062 624 2126 dictum
654 2073 703 2126 ast
725 2084 786 2151 pro
812 2070 916 2151 gustu
935 2063 1078 2127 similem
1101 2062 1223 2148 (γεύσει
1249 2063 1372 2152 ὁμοίιον)
1398 2086 1473 2141 γεν-

302 2166 367 2246 luris
399 2167 593 2246 Ξσοοιομόνιιν,
627 2179 660 2232 et
690 2167 723 2232 in
753 2167 864 2258 fragm.
892 2167 934 2233 ll.
961 2171 1014 2233 56.
1042 2189 1101 2256 pro
1127 2167 1279 2248 παιδέρως
1307 2178 1346 2250 σῇ
1375 2167 1472 2251 λεύκῃ

301 2270 441 2352 ἐμφερής
464 2271 632 2361 magnifice
654 2259 749 2337 canit
766 2272 876 2344 νιοιιδός
906 2271 1014 2354 ἔρωτες
1038 2279 1056 2359 ΙΙ
1074 2271 1171 2353 λεύκῃ
1190 2271 1378 2358 όσονιόμενοι,
1408 2272 1472 2338 hoc

300 2384 348 2437 est
377 2373 507 2440 demum
536 2398 569 2440 os
597 2398 710 2466 magna
735 2399 849 2442 sonans
873 2377 989 2440 mentis
1010 2374 1188 2439 divinioris!
1235 2373 1274 2439 In
1295 2375 1407 2465 fragm.
1431 2377 1470 2443 ll.

303 2499 344 2540 rs.
358 2481 410 2543 33.
426 2479 537 2544 lonico
552 2481 676 2572 scripsit
690 2482 894 2560 ἷσοδρομεῦσοι
907 2479 1067 2560 χελιδόσιν
1078 2490 1111 2543 et
1122 2479 1260 2559 ἰσόμορον
1270 2479 1304 2544 in
1315 2480 1470 2549 Phariae.

300 2605 343 2646 vs.
365 2585 445 2660 405,
475 2583 530 2648 sed
558 2584 662 2650 Attico
685 2585 719 2648 in
737 2605 772 2648 re
791 2582 903 2650 eadem
922 2582 1072 2663 ἰσόμοιρον
1093 2582 1199 2646 ἕλοιόον
1222 2582 1301 2650 ibid.
1326 2608 1369 2651 rs.
1392 2591 1469 2654 592.

298 2684 420 2752 lterum
439 2686 549 2754 Ionica
568 2691 716 2768 ἰσώνυμον
737 2713 778 2756 vs.
798 2692 865 2754 678
885 2701 917 2755 ct
936 2688 1091 2769 ἷσορρειιός
1111 2710 1154 2753 rs.
1174 2691 1250 2754 646.
1272 2701 1304 2754 et
1323 2681 1494 2758 Homeri(
1596 2709 1606 2730 ⁶

298 2811 372 2857 cum
392 2793 581 2876 ἱσοφοιρόζειν
600 2816 644 2861 rs.
663 2797 739 2861 572.
788 2793 934 2884 lienique
951 2815 1052 2882 quum
1076 2793 1171 2860 vellet
1193 2792 1299 2859 dicero
1320 2798 1467 2884 eiusdem

292 2897 453 2986 ponderis
481 2897 521 2962 de
548 2919 604 2963 suo
631 2910 832 2964 commentus
851 2911 899 2964 ost
926 2898 1068 2973 ἰσοειικής
1090 2920 1132 2962 rs.
1155 2901 1208 2964 41.
1229 2899 1379 2983 κοιοδοόμῳ
1400 2903 1465 2982 οἷμ-

285 3003 394 3086 Ι[ον’ξοις
419 3001 555 3068 torsisti
574 3017 606 3068 et
627 3026 669 3070 rs.
692 3009 744 3070 44.

433 3117 586 3190 ’,ἄλλοτε
610 3123 636 3189 δ’
658 3122 838 3206 οὶσφοόλσοιο
862 3125 962 3208 Φέρων
985 3118 1136 3188 tremata
1154 3131 1285 3204 μοῖροιν,

292 3241 325 3307 in
356 3265 436 3332 quo,
469 3253 506 3308 ut
534 3243 637 3326 sides,
666 3245 857 3336 popularem
883 3269 975 3313 usum
995 3257 1121 3340 secutus
1141 3245 1279 3338 primam
1293 3245 1465 3336 corripuit.
1541 3246 1543 3255 '

293 3347 455 3428 Bssnrus,
479 3350 536 3438 qui
562 3363 593 3415 ot
616 3351 684 3440 ipse
699 3363 794 3447 putat
814 3375 846 3417 so
868 3351 977 3418 lonico
998 3350 1156 3436 scribere,
1179 3373 1280 3441 quum
1300 3351 1334 3415 iu
1354 3349 1465 3438 fabula

299 3455 355 3529 44,
382 3455 431 3518 ll.
455 3465 541 3518 recto
566 3455 764 3544 scripsisset:
1106 3461 1110 3467 ’

520 3573 533 3638 ό
558 3575 583 3640 δ’
607 3573 705 3646 illitos
728 3575 767 3648 ὥς
790 3575 916 3648 Βοιωτός
941 3579 996 3640 οὐκ
1018 3571 1099 3654 ἔχων
1126 3572 1193 3648 ἴσων

517 3675 623 3756 λόγοις
648 3676 793 3758 όόιοιλλοιν
817 3675 903 3744 εἶπεν
926 3679 1020 3762 οἰγρόῃ
1043 3673 1155 3760 scodra.

297 3789 400 3858 Attice
424 3795 548 3887 scripsit
573 3801 631 3876 34,
656 3801 686 3864 2.

518 3919 655 3990 τεκοῦσιν
678 3917 704 3981 δ’
728 3918 834 3990 αὐτοῖς
857 3917 921 3986 ε’ςὶν
944 3919 999 3982 οὐκ
1022 3915 1072 3992 ἴση
1096 3916 1215 3996 μήτηρ,

295 4057 326 4110 ct
351 4048 493 4113 excusari
518 4061 639 4138 potest,
670 4052 744 4141 quia
774 4072 849 4118 cum
878 4051 1063 4142 aequalibus
1093 4052 1241 4116 omnibus
1264 4054 1408 4142 peccarit
1429 4066 1461 4119 et

297 4150 354 4216 sibi
384 4153 468 4220 idem
501 4155 588 4244 quod
611 4158 759 4223 omnibus
778 4157 915 4224 credidit
939 4159 1052 4236 licere,
1075 4169 1107 4222 at
1126 4169 1213 4224 recto
1232 4169 1264 4224 ct
1285 4158 1398 4225 ordine
1417 4161 1462 4225 sic

297 4257 453 4348 scripsisse
477 4261 576 4327 videri
598 4273 631 4327 et
655 4263 732 4331 vitio
756 4285 867 4330 vacare
890 4287 955 4330 non
979 4276 1093 4356 potest.

341 4362 443 4446 Quam
476 4367 589 4434 sellem
619 4367 698 4434 haec
725 4369 894 4435 scribendo
926 4369 1074 4435 omnibus
1103 4368 1294 4459 persuadere
1320 4391 1446 4460 possem

212 4469 213 4473 ’
298 4468 412 4558 quibus
432 4482 538 4537 nostra
557 4472 705 4540 iuventus
724 4474 900 4540 erudienda
920 4486 952 4540 at
975 4486 1117 4541 veterum
1137 4474 1333 4540 Litterarum
1352 4474 1464 4540 studiis

296 4572 495 4642 informanda
523 4579 752 4660 committitur,
782 4592 817 4645 ut
844 4591 876 4667 et
901 4580 961 4671 ipsi
986 4579 1065 4646 haoc
1086 4581 1193 4645 omnia
1214 4602 1312 4670 quam
1330 4599 1469 4644 accusa-²

234 4733 236 4738 .
295 4679 409 4750 tissime
433 4683 615 4776 perdiscant
634 4697 666 4754 et
691 4669 816 4754 assiduo
834 4698 866 4755 et
885 4687 982 4777 longo
1004 4685 1150 4755 lectionis
1171 4697 1203 4753 et
1220 4684 1461 4775 interpretatio·
