3767 5717
993 611 1034 674 70

415 786 586 850 Anooorors·
612 801 693 868 quac
718 781 822 848 fertur
851 783 996 848 oratione
1018 783 1057 848 cte
1079 779 1238 869 Mysteriis
1270 786 1287 868 §
1311 786 1384 848 115.
1417 783 1469 848 ὑπ’
1493 788 1600 851 αὐτοῖν

414 890 499 974 φορμ)
520 897 584 956 τοῖν
598 891 672 954 θεοῖν
689 890 854 965 σεσῶσθαι,
879 889 933 953 ubi
947 890 1075 974 saepius
1093 891 1135 956 τὼ
1154 888 1208 955 θεώ
1230 887 1349 972 legitur
1368 896 1405 953 ut
1426 890 1458 953 iu
1479 893 1598 979 §.114⁴

413 1002 478 1060 τοῖν
509 995 594 1060 θεοῖν.
619 993 738 1062 ibidem
761 995 872 1060 erasit.
910 997 1006 1081 §ita
1033 999 1098 1072 51,
1122 998 1188 1068 57,
1215 998 1256 1060 55
1288 1000 1348 1060 etc.
1396 994 1437 1060 At
1468 994 1597 1062 eaedem

414 1098 492 1166 deae
513 1101 545 1164 in
571 1099 677 1186 Vespis
700 1119 747 1165 rs.
765 1105 841 1168 576.
866 1100 1113 1186 significantur,
1137 1097 1192 1164 uhi
1215 1097 1353 1184 legitur:

685 1202 722 1271 ἵν’
745 1206 808 1288 εἰδῇ
831 1207 876 1285 μὴ
900 1214 1013 1272 πατεῖν
1035 1203 1080 1272 roi

684 1318 757 1378 ταῖν
780 1313 864 1377 θεαῖν
885 1311 1097 1395 ψηφίσματα.

412 1420 444 1480 et
463 1414 497 1480 in
525 1413 745 1500 Τθοοννιοροθον.
767 1419 843 1482 785.

511 1527 525 1563 “’·
581 1542 585 1555 ·
684 1517 764 1595 θπονς
788 1522 936 1601 λαβοῦσα
960 1520 1038 1588 θθοοο
1061 1528 1134 1588 ταῖν
1156 1521 1241 1586 θεαῖν

413 1633 446 1690 et
466 1629 529 1690 941
556 1631 589 1690 et
613 1631 730 1720 mats
752 1628 884 1694 omniuo
917 1625 1021 1691 forma
1050 1631 1114 1690 τοῖν
1146 1627 1223 1691 θεοῖν
1253 1625 1337 1713 apud
1369 1626 1602 1694 Anrsrorunusu

412 1730 561 1797 fonditus
584 1729 687 1797 deleta
710 1739 780 1809 est,
816 1731 872 1798 sed
896 1732 1001 1817 primo
1025 1749 1152 1815 quoque
1185 1739 1326 1818 tempore
1358 1731 1535 1798 revocanda
1567 1741 1601 1799 et

413 1836 536 1903 formae
559 1844 652 1912 ταῖν,
687 1838 822 1912 αὐταῖν,
855 1837 1010 1911 τούτοιν,
1044 1854 1126 1921 quae
1149 1855 1212 1902 non
1233 1837 1342 1902 minus
1369 1837 1503 1903 vitiosae
1524 1846 1601 1904 sunt

413 1962 509 2029 quam
534 1940 600 2016 πθ,
634 1942 741 2018 αὐτα,
766 1943 872 2009 ταθτοι
902 1941 1012 2008 eodem
1037 1940 1257 2008 emundandae
1285 1961 1349 2026 quo
1372 1942 1456 2028 apud
1480 1943 1600 2008 Isoonn-

412 2068 473 2114 ruat
495 2049 530 2112 iu
552 2047 709 2134 Poocppr.
735 2047 752 2134 S
775 2051 816 2113 75
840 2067 913 2134 pag.
936 2052 989 2113 55.
1011 2053 1085 2116 ταῖν
1107 2046 1229 2114 πολέοιν
1249 2048 1381 2114 τούτοιν
1401 2056 1434 2113 et
1457 2048 1497 2114 de
1517 2047 1601 2114 Pace

413 2159 434 2241 §-
454 2157 528 2219 116.
552 2153 596 2218 τοῖ
615 2152 710 2218 τθλεε
728 2152 836 2220 ταθτα
857 2151 1042 2218 amandavit
1062 2171 1148 2220 uuus
1166 2152 1311 2219 omnium
1333 2154 1475 2238 optimus
1498 2152 1599 2220 codex

419 2258 575 2332 Urbinas,
609 2258 665 2342 qui
695 2256 784 2324 solus
805 2259 847 2323 τώ
871 2264 903 2323 et
925 2258 1024 2324 τούτω
1050 2257 1084 2322 in
1112 2255 1233 2322 talibus
1253 2260 1392 2324 serravit
1417 2267 1449 2324 et
1478 2268 1541 2326 τοῖν
1566 2267 1600 2325 et

412 2361 543 2430 τοθτοιν.
582 2363 619 2428 io
632 2361 828 2448 Pooepyrico
848 2365 874 2446 S
892 2368 944 2428 17.
970 2361 1043 2430 libri
1064 2381 1175 2430 omnes
1196 2361 1258 2436 τοὶς
1274 2363 1381 2438 πθλειρ
1401 2365 1523 2440 ταύτας
1545 2385 1599 2430 ex·

412 2468 544 2542 hinem,
563 2465 977 2553 Urbanosoptimeriaodan
990 2467 1098 2534 τούτω.
1124 2466 1194 2532 ooli.
1214 2468 1424 2536 Guouaososoo
1436 2469 1599 2536 Gorssonor

411 2577 618 2659 p.537,12:
637 2575 712 2654 παρ’
730 2575 866 2658 Αἰσχίνῃ
894 2576 936 2656 τῷ
950 2575 1135 2656 Σωκρατικῷ
1154 2574 1276 2640 τούτου
1296 2577 1342 2640 νὼ
1367 2573 1414 2640 πθ
1420 2589 1484 2653 λη,
1508 2575 1598 2654 λέγει

410 2679 443 2744 δὲ
466 2680 534 2761 περὶ
562 2679 728 2754 Ἀθηναίων
756 2680 809 2746 καὶ
838 2679 1103 2767 Λακεδαιμονίων.
1150 2679 1311 2765 Equidem
1340 2678 1490 2746 omnibus
1517 2680 1597 2747 locis

411 2792 444 2850 et
468 2784 661 2852 testimoniis
685 2770 840 2852 veterum
854 2785 911 2850 diu
934 2794 967 2850 et
989 2783 1128 2852 multum
1154 2785 1322 2871 perpensis
1354 2786 1391 2850 in·
1414 2785 1498 2852 hano
1526 2807 1597 2852 sen·

410 2891 546 2956 tentiam
567 2889 696 2956 tandem
718 2890 878 2956 adductus
900 2909 996 2966 sum,
1017 2907 1114 2973 quam
1138 2906 1225 2956 uano
1247 2891 1325 2956 satis
1345 2889 1466 2956 habebo
1486 2893 1597 2978 paucis

410 2993 549 3059 dixisse:
575 2995 607 3058 io
632 2995 897 3079 pronominibus,
920 2993 1109 3069 micetius,
1132 2993 1312 3080 participiis
1336 3015 1401 3061 una
1427 3005 1525 3084 atque
1547 3019 1597 3065 ea·

410 3099 483 3164 dem
507 3097 610 3163 forma
629 3107 677 3162 est
702 3098 822 3184 tripiici
845 3100 958 3184 generi
977 3099 1182 3168 communis·
1199 3102 1261 3174 τὼ,
1286 3096 1327 3175 tt,
1353 3105 1454 3180 αὐτὼ,
1477 3104 1596 3182 τοθτυ,

408 3206 561 3281 ἀλλήλω,
594 3206 638 3270 τοι
659 3211 766 3285 χεῖρε,
796 3208 838 3271 τὼ
868 3211 999 3284 pacatas
1024 3212 1085 3272 oet.
1111 3207 1152 3274 πθ
1176 3207 1353 3272 Ἐλευσινίω
1379 3209 1442 3272 θεώ.
1468 3209 1501 3298 iu
1525 3227 1597 3294 par·

409 3309 533 3394 ticipiis
553 3326 606 3373 res
622 3308 793 3376 manifesta
814 3320 878 3377 est:
902 3318 999 3380 natus
1022 3318 1071 3378 est
1091 3310 1181 3378 locus
1199 3310 1317 3376 Houom
1337 3311 1432 3380 tttaat.
1457 3323 1496 3378 Θ.
1519 3319 1595 3380 455.

305 3449 316 3474 .
409 3415 484 3481 Iuno
510 3421 543 3479 et
570 3413 721 3496 Minoam·
740 3418 937 3496 πληγέντε
966 3420 1104 3499 κεραυνῷ·
1129 3423 1162 3482 et
1186 3415 1312 3482 Husroor
1345 3416 1379 3482 θ.
1401 3428 1429 3482 et
1452 3417 1492 3484 D.
1511 3421 1596 3484 ¹197.

408 3520 506 3596 niens
530 3519 590 3588 καὶ,
607 3518 744 3597 Νέμεσις
768 3522 999 3603 προλιπόντ’
1025 3523 1196 3604 ἀνθρώπους
1219 3529 1251 3588 ct
1270 3521 1418 3588 Patronis
1442 3523 1474 3588 in
1494 3523 1596 3589 Phoe·

407 3625 464 3690 dra
488 3645 518 3711 p.
543 3628 618 3690 237.
643 3625 679 3693 Ι).
715 3626 766 3693 δύο
786 3628 850 3692 τινὲ
874 3629 940 3695 tate
970 3627 1105 3711 ἄρχοντε
1126 3626 1178 3692 καὶ
1210 3625 1344 3706 ἄγοντε,
1369 3623 1412 3694 οἷν
1434 3629 1597 3710 ἑπόμεθα,

407 3729 525 3818 quibus
546 3729 650 3796 muita
668 3731 788 3800 similia
810 3741 841 3798 et
869 3734 955 3820 opud
979 3734 1058 3800 aiios
1081 3742 1112 3800 et
1134 3733 1168 3800 iu
1185 3733 1322 3802 Posrouu
1347 3733 1510 3819 leguntur.
1558 3737 1594 3802 in

407 3836 460 3902 his
481 3844 589 3902 autem
622 3837 772 3902 omnihus
803 3838 888 3904 idern
912 3840 1072 3926 opinionis
1095 3847 1244 3905 versatur
1273 3859 1363 3905 error
1386 3841 1595 3925 antiquorum

407 3939 700 4010 Grammaticorum
722 3943 769 4006 'et
797 3943 1001 4028 aequalium,
1031 3945 1089 4030 qui
1108 3950 1240 4030 apparet
1272 3943 1304 4010 in
1340 3955 1518 4028 Συναγωγῇ
1543 3945 1593 4012 λε’·

406 4045 481 4124 ξεον
506 4046 668 4126 χρησίμων
691 4047 725 4111 iu
749 4046 885 4112 Burrum
912 4048 1028 4116 Aocool.
1047 4049 1126 4134 I.p.
1149 4053 1236 4124 567,
1263 4053 1316 4116 att.
1348 4052 1591 4116 ἀκολουθοῦν·

405 4174 465 4217 rr:
486 4150 568 4227 ,αντὶ
592 4156 647 4216 τοῦ
667 4152 930 4218 οὶκολουθοθοα
954 4153 1082 4228 Baianis,
1117 4150 1210 4226 οθτοις
1235 4153 1425 4237 Ἕρμιππος.
1451 4155 1503 4222 καὶ
1526 4153 1589 4236 γὰρ

405 4257 573 4340 κέχρηνται
590 4263 664 4330 ταῖς
681 4259 855 4338 θροενιααῑο
871 4265 1027 4338 μετοχαῖς
1044 4259 1114 4326 cirri
1133 4261 1266 4334 θηλυκῶν
1282 4261 1449 4335 πολλάκις.
1474 4259 1589 4341 Quam·

403 4383 501 4450 quam
533 4361 611 4428 haec
645 4360 785 4428 absurda
816 4372 893 4429 suut
926 4370 1032 4428 tamen
1063 4383 1100 4430 ea
1127 4385 1178 4431 res
1203 4366 1364 4432 neminem
1398 4385 1590 4453 magnopere

404 4489 532 4536 morere
554 4467 691 4534 videtur.
743 4467 879 4538 Utarttar
900 4468 1084 4534 masculinis
1103 4489 1162 4555 pro
1186 4471 1347 4559 semitonia
1372 4470 1468 4559 idque
1502 4493 1592 4560 saepo

404 4572 544 4641 faciunt:
573 4574 667 4661 quasi
691 4592 765 4642 vero
787 4573 867 4644 haec
887 4575 1063 4646 masculino
1089 4576 1154 4645 sint
1173 4585 1474 4662 etoonoumquam
1498 4579 1592 4646 aliter
