3767 5717
946 569 1019 639 2111

390 762 499 840 Veris
515 763 682 836 Historias
702 767 756 842 27,
777 765 826 831 18.
846 761 971 852 placuit
991 761 1107 830 lectori
1124 761 1217 829 iocus
1232 765 1292 828 τῶν
1312 760 1343 828 ll
1370 763 1485 830 τνόόνεῶν
1507 763 1565 831 od-

301 859 304 864 ⁷
389 871 594 951 delectato,
627 870 674 935 ἔτι
700 869 763 950 γάρ
792 868 940 947 deletura
967 869 1152 946 ἀναβαίνειν
1174 867 1230 934 ,τόν
1254 874 1311 940 τῆς
1336 869 1450 947 ἀρετῆς
1474 868 1574 950 όρόνυν

389 977 506 1058 λόφον,
539 978 651 1067 itaque
679 976 846 1065 adscripsit
865 975 898 1040 iu
919 973 996 1040 cod.
1018 975 1054 1042 F.
1075 977 1197 1048 ἀςεΐεν,
1232 973 1321 1064 quod
1341 973 1480 1042 feliciter
1500 999 1567 1042 non

391 1095 441 1147 est
460 1093 633 1172 receptum.
682 1081 724 1148 At
744 1082 775 1150 in
798 1080 926 1151 Gaura
947 1081 1037 1159 loco,
1061 1103 1161 1171 quem
1179 1081 1269 1146 affert
1289 1079 1418 1147 Barrus
1437 1082 1478 1146 ale
1498 1082 1569 1147 Po·

390 1189 521 1254 sidonio
541 1187 673 1258 Rhoda
691 1211 723 1276 p.
745 1190 820 1254 201.
844 1185 936 1254 aliter
956 1187 1077 1252 euenit:
1102 1181 1197 1252 rerba
1220 1197 1293 1250 sunt
1312 1187 1485 1264 συγγνώμη
1504 1187 1570 1270 γάρ

389 1288 532 1374 ἀνόρώπξυ
552 1319 592 1372 γε
616 1293 680 1364 tarr
698 1292 752 1358 καὶ
776 1290 989 1372 ἀμαρτάννντν
1009 1290 1115 1370 ὡραῖόν
1140 1314 1181 1355 τι.
1228 1289 1372 1355 Multum
1394 1311 1427 1355 sc
1440 1291 1567 1356 ,cruciat

392 1398 692 1466 Wrrrruoaourus
720 1423 751 1487 p.
773 1400 848 1462 283.
878 1396 934 1462 scd
958 1395 1039 1462 nihil
1061 1395 1214 1462 extundit.
1263 1394 1418 1463 Genusus
1448 1395 1569 1466 dixerat

391 1506 565 1581 συγγνώμη
595 1505 658 1585 γάρ
688 1503 832 1583 ἀνόρόνπῳ
857 1527 898 1580 γε
924 1502 988 1567 όντν
1015 1501 1231 1581 ἀμαρτάνυντό
1247 1525 1304 1578 τι,
1327 1501 1450 1591 placuit
1471 1502 1571 1569 Grae·

392 1609 467 1673 culo
487 1607 610 1678 dictum
631 1621 662 1675 et
682 1608 851 1698 adscripsit
868 1609 988 1688 ἀραῖον.
1031 1606 1200 1672 Verissime
1219 1607 1367 1672 1111111111
1389 1606 1430 1670 ad
1452 1609 1569 1676 11111111.

391 1713 556 1779 Helenam
579 1737 620 1781 ss,
645 1718 741 1780 1059.
767 1738 790 1778 >a
802 1716 907 1795 ὡραῖον
929 1718 1115 1778 sexcenties
1135 1719 1170 1778 ἀντ
1190 1711 1344 1778 Codicum
1361 1716 1570 1803 marginibus

392 1844 416 1884 a
437 1822 559 1885 scribis
577 1824 749 1910 appictum
765 1820 938 1908 reperias,
955 1821 1013 1884 αόί
1027 1821 1164 1908 aliquid
1172 1822 1317 1909 pulchre
1338 1821 1462 1884 dictum
1476 1820 1569 1886 tudi-

392 1926 532 1991 oadant'’
553 1936 628 1992 nota
648 1947 715 1992 esse
734 1923 818 1990 solet
839 1924 930 1988 litera
951 1949 992 1999 ω,
1019 1947 1114 2014 quam
1135 1924 1274 1990 mediam
1294 1951 1308 2008 ρ
1330 1924 1448 1990 transit.

441 2031 579 2096 Transeo
605 2029 756 2116 nunc-ad
778 2030 852 2097 illos
872 2031 1017 2096 Luctum
1037 2032 1125 2097 locos
1148 2031 1287 2098 eundem
1308 2034 1340 2098 in
1360 2030 1492 2098 modum
1512 2041 1569 2095 aut

394 2138 491 2205 ctiam
519 2136 611 2228 peius
639 2135 864 2224 interpolatos,
894 2137 952 2201 ubi
972 2138 1004 2202 in
1030 2136 1132 2206 Codd.
1154 2139 1233 2204 nihil
1254 2151 1302 2204 est
1320 2138 1489 2229 praesidii,
1513 2135 1569 2202 scd

395 2268 471 2311 sana
491 2267 582 2310 meus
602 2241 807 2309 et‘iudicium
828 2253 951 2307 rectum
975 2246 1042 2318 etl
1068 2251 1128 2308 τῶν
1152 2250 1256 2310 καλῶν
1280 2245 1333 2310 καὶ
1357 2245 1417 2308 τῶν
1443 2244 1487 2321 μη
1511 2265 1569 2307 να-

395 2356 455 2415 ναόν
477 2350 529 2414 καὶ
555 2348 732 2430 πρεπόντων
752 2348 917 2425 adnuente
943 2359 976 2412 et
995 2348 1129 2412 interior
1149 2348 1337 2414 Graecitatis
1354 2347 1571 2435 intelligentia

397 2452 554 2523 Codicum
583 2453 686 2518 sicem
714 2451 835 2541 optimc
865 2452 993 2541 explere
1025 2465 1179 2542 possunt,
1208 2455 1234 2518 si
1265 2455 1336 2544 quis
1364 2453 1572 2543 scriptorem,

396 2583 493 2650 quem
515 2571 678 2648 tamquam
698 2557 815 2645 digitos
833 2579 906 2622 snos
924 2559 1066 2636 noverit,
1083 2559 1127 2624 ite
1146 2559 1273 2648 legerit,
1294 2571 1329 2624 ut
1345 2558 1573 2624 deflerem-

397 2683 495 2729 uusro
515 2662 734 2727 Rnarrsnns
753 2659 864 2724 scribit
889 2661 1088 2748 »dtfficllm
1108 2669 1281 2754 suspicax,
1303 2688 1434 2755 semper
1452 2687 1570 2728 aereus

396 2791 438 2834 ue
464 2767 550 2856 quid
577 2768 644 2833 siti
666 2767 840 2853 fallaciae
867 2767 921 2830 vel
945 2789 968 2829 a
998 2769 1143 2833 librario
1176 2773 1230 2834 ccl
1257 2771 1299 2834 od
1330 2773 1571 2860 interpolatore

397 2873 583 2939 struatur.”
630 2871 673 2937 Et
703 2882 776 2936 sunt
805 2869 961 2963 quaedam
989 2870 1188 2953 huiusmodi,
1219 2887 1336 2940 utnon
1357 2877 1397 2941 sit
1422 2875 1460 2941 ad
1481 2876 1570 2940 frau-

398 2979 471 3047 dem
491 2975 703 3066 indagandam
716 2976 973 3042 ltuusauauosro
992 3001 1072 3069 opus
1089 2982 1138 3046 vet
1156 2982 1389 3050 Buurcurotvel
1406 2985 1573 3062 Pousorro,

398 3084 494 3175 quale
514 3095 565 3150 est
586 3087 642 3159 15,
664 3083 716 3147 51.
739 3080 839 3146 καίτοι
861 3081 984 3158 γελοῖός
1000 3088 1033 3161 γ’
1049 3085 1114 3164 ,εἰμὶ
1132 3087 1322 3170 ἀναγυάζων
1343 3091 1433 3168 lxliv
1447 3097 1569 3154 λαλεῖν.

402 3190 532 3278 [ἀφωνα
557 3189 619 3268 γάρ
646 3187 769 3274 αὐτνό],
801 3192 1009 3266 aut32,14.
1037 3190 1136 3270 Φόρων
1161 3189 1234 3270 ἀμα
1265 3193 1318 3256 καὶ
1347 3195 1400 3258 τόν
1426 3193 1569 3273 ἀρτνγέν-

398 3300 485 3369 νητυν
518 3292 710 3366 'Arusnates
740 3292 785 3362 ete
813 3294 970 3372 τεχθέντα
1005 3292 1069 3381 [lae
1096 3294 1189 3359 tuen
1217 3293 1310 3372 ἀταξ
1334 3297 1491 3361 τόκτυνταν
1514 3295 1569 3360 ἀν-

398 3397 539 3484 tracon,
571 3396 628 3461 ubi
656 3405 803 3486 poteraut
831 3396 1032 3464 confidenter
1063 3396 1168 3463 dicere
1196 3421 1260 3464 non
1290 3401 1378 3466 altos
1408 3398 1569 3480 homiues,

399 3502 456 3593 qui
482 3501 566 3568 malo
596 3500 662 3566 lieo
692 3512 918 3592 opponuntur,
946 3503 1000 3570 sed
1022 3504 1169 3570 homines
1188 3506 1228 3570 ad
1249 3529 1349 3573 unum
1377 3529 1485 3574 omnes
1506 3531 1571 3572 non

350 3599 353 3606 ¹
399 3607 522 3699 saepius
537 3629 642 3697 *quam
663 3609 760 3673 semel
784 3608 878 3674 nasci
892 3608 1005 3675 solere.
1052 3607 1255 3676 Incredibilis
1274 3623 1321 3676 est
1344 3614 1571 3680 Graeculorum

398 3715 489 3781 istius
511 3712 623 3783 aetatis
642 3726 761 3804 stupor,
807 3714 930 3781 Notum
951 3728 997 3782 est
1015 3714 1170 3781 Scholion
1191 3716 1230 3782 ad
1255 3717 1480 3785 Tuncrumuu
1501 3717 1525 3785 1.
1543 3723 1576 3786 2.

399 3822 456 3896 airu
478 3820 626 3893 'Arsinia
650 3818 743 3900 ᾤκουν
762 3820 788 3883 nt
811 3820 900 3884 αὐτοὶ
926 3820 980 3886 ἀεί
987 3870 996 3894 ,
1022 3843 1062 3886 ne
1083 3833 1224 3886 errarent
1242 3824 1334 3912 pueri
1352 3825 1503 3914 magister
1516 3822 1575 3889 ad-

400 3936 527 3994 mouet:
561 3925 605 4004 τῷ
639 3922 724 4000 γένει
752 3923 911 4000 δηλονότι,
945 3928 978 3990 cd
1002 3927 1064 4008 γάρ
1089 3922 1167 4001 ἦσαν
1191 3927 1355 3996 allatrare:
1391 3930 1575 3996 huiusmodi

400 4043 509 4099 tameo
528 4026 759 4094 homunciones
781 4027 1009 4096 Tuucrutuuu
1030 4032 1328 4122 interpretabantur.
1370 4036 1407 4102 In
1429 4037 1575 4127 sequenti

400 4133 642 4214 llb1038,36.
672 4132 779 4200 editur
806 4135 967 4214 ἑρμηνείαν
993 4138 1024 4202 δὲ
1047 4143 1098 4202 νῦν
1121 4141 1177 4214 την
1202 4142 1378 4222 σαφήνειαν
1402 4150 1462 4209 τῶν
1490 4167 1571 4223 σχη-

1027 4260 1028 4263 ,
1315 4257 1336 4307 y
1451 4271 1468 4322 ἐ

400 4303 510 4385 μότων
526 4303 630 4388 λόγω,
647 4304 769 4394 corrige
783 4305 891 4383 λέγει,
912 4307 1101 4401 pervulgato
1122 4332 1226 4376 errore
1244 4334 1281 4378 ex
1296 4314 1337 4378 ¹tl
1360 4313 1410 4380 rel
1428 4329 1448 4378 u
1488 4323 1574 4380 nato.

400 4417 560 4483 Dicuntur
587 4415 666 4482 hacc
693 4417 735 4482 de
758 4416 910 4510 Locrauo
936 4442 1002 4490 nou
1027 4423 1069 4486 ab
1088 4426 1161 4512 ipso
1181 4434 1213 4488 et
1233 4403 1275 4488 in·
1289 4425 1464 4514 marginem
1484 4424 1574 4496 able·

401 4531 506 4625 ganda
529 4542 614 4602 sunt.
660 4613 662 4619 Α

446 4658 486 4725 In
504 4657 682 4732 Amortlrcc
700 4660 762 4739 38,
778 4661 835 4728 210..
854 4660 943 4728 κατόν
960 4668 1078 4746 πετρῶν
1096 4662 1145 4740 δὲ,
1168 4665 1290 4750 darie,
1316 4665 1464 4758 [ἀγόνων]
1485 4665 1575 4736 erst-
