<?xml version="1.0" encoding="UTF-8"?>
<!DOCTYPE html PUBLIC "-//W3C//DTD XHTML 1.0 Transitional//EN"
    "http://www.w3.org/TR/xhtml1/DTD/xhtml1-transitional.dtd">
<html xmlns="http://www.w3.org/1999/xhtml" xml:lang="en" lang="en">
 <head>
  <title>
</title>
<meta http-equiv="Content-Type" content="text/html;charset=utf-8" />
  <meta name='ocr-system' content='tesseract 3.04.00' />
  <meta name='ocr-capabilities' content='ocr_page ocr_carea ocr_par ocr_line ocrx_word'/>
</head>
<body>
  <div class='ocr_page' id='page_1' title='image "./variaelectiones02cobegoog_0296.png"; bbox 0 0 3767 5717; ppageno 0'>
   <div class='ocr_carea' id='block_1_1' title="bbox 985 564 1050 630">
    <p class='ocr_par' dir='ltr' id='par_1_1' title="bbox 985 564 1050 630">
     <span class='ocr_line' id='line_1_1' title="bbox 985 564 1050 630; baseline 0 -3"><span class='ocrx_word' id='word_1_1' title='bbox 985 564 1050 630; x_wconf 81' lang='lat'><strong><em>282</em></strong></span> 
     </span>
    </p>
   </div>
   <div class='ocr_carea' id='block_1_2' title="bbox 375 753 1658 4753">
    <p class='ocr_par' dir='ltr' id='par_1_2' title="bbox 375 753 1658 3582">
     <span class='ocr_line' id='line_1_2' title="bbox 436 753 1609 846; baseline -0.002 -15"><span class='ocrx_word' id='word_1_2' title='bbox 436 764 556 839; x_wconf 70' lang='grc' dir='ltr'><strong><em>πολλὴν</em></strong></span> <span class='ocrx_word' id='word_1_3' title='bbox 583 760 651 842; x_wconf 85' lang='grc' dir='ltr'><strong><em>ἔχει</em></strong></span> <span class='ocrx_word' id='word_1_4' title='bbox 683 759 739 834; x_wconf 69' lang='lat' dir='ltr'><strong>rto</strong></span> <span class='ocrx_word' id='word_1_5' title='bbox 768 755 930 839; x_wconf 66' lang='grc' dir='ltr'><strong><em>διατριβὴν</em></strong></span> <span class='ocrx_word' id='word_1_6' title='bbox 953 753 1089 835; x_wconf 87' lang='grc' dir='ltr'><strong><em>ὑποίγειν</em></strong></span> <span class='ocrx_word' id='word_1_7' title='bbox 1112 757 1183 832; x_wconf 78' lang='grc' dir='ltr'><strong><em>ποὺς</em></strong></span> <span class='ocrx_word' id='word_1_8' title='bbox 1207 757 1320 832; x_wconf 92' lang='grc' dir='ltr'><strong><em>ίππους</em></strong></span> <span class='ocrx_word' id='word_1_9' title='bbox 1348 768 1388 842; x_wconf 72' lang='grc' dir='ltr'><strong><em>πῇ</em></strong></span> <span class='ocrx_word' id='word_1_10' title='bbox 1410 759 1529 846; x_wconf 70' lang='grc' dir='ltr'><strong><em>ζεύγλῃ</em></strong></span> <span class='ocrx_word' id='word_1_11' title='bbox 1552 764 1609 830; x_wconf 77' lang='grc' dir='ltr'><strong><em>καί</em></strong></span> 
     </span>
     <span class='ocr_line' id='line_1_3' title="bbox 436 859 1611 960; baseline -0.001 -24"><span class='ocrx_word' id='word_1_12' title='bbox 436 871 471 936; x_wconf 80' lang='grc' dir='ltr'><strong><em>πὸ</em></strong></span> <span class='ocrx_word' id='word_1_13' title='bbox 496 867 585 950; x_wconf 83' lang='grc' dir='ltr'><strong><em>ίίρμα</em></strong></span> <span class='ocrx_word' id='word_1_14' title='bbox 607 862 842 946; x_wconf 85' lang='grc' dir='ltr'><strong><em>ἐπισκευοίζειν,</em></strong></span> <span class='ocrx_word' id='word_1_15' title='bbox 868 882 1009 952; x_wconf 84' lang='lat' dir='ltr'><strong>nomque</strong></span> <span class='ocrx_word' id='word_1_16' title='bbox 1029 859 1242 946; x_wconf 69' lang='grc' dir='ltr'><strong><em>ἐπισκευάζειν</em></strong></span> <span class='ocrx_word' id='word_1_17' title='bbox 1262 875 1309 929; x_wconf 91' lang='lat' dir='ltr'><strong>est</strong></span> <span class='ocrx_word' id='word_1_18' title='bbox 1325 865 1480 951; x_wconf 70' lang='lat' dir='ltr'><strong>reficere,</strong></span> <span class='ocrx_word' id='word_1_19' title='bbox 1498 870 1611 960; x_wconf 86' lang='lat' dir='ltr'><strong>requi·</strong></span> 
     </span>
     <span class='ocr_line' id='line_1_4' title="bbox 434 966 1606 1059; baseline 0.001 -18"><span class='ocrx_word' id='word_1_20' title='bbox 434 977 533 1041; x_wconf 83' lang='lat' dir='ltr'><strong>rimus</strong></span> <span class='ocrx_word' id='word_1_21' title='bbox 557 994 681 1038; x_wconf 82' lang='lat' dir='ltr'><strong>ornare</strong></span> <span class='ocrx_word' id='word_1_22' title='bbox 699 966 904 1051; x_wconf 86' lang='grc' dir='ltr'><strong><em>ἐνοιοευοίζειν.</em></strong></span> <span class='ocrx_word' id='word_1_23' title='bbox 954 966 1074 1034; x_wconf 79' lang='lat' dir='ltr'><strong>Eadem</strong></span> <span class='ocrx_word' id='word_1_24' title='bbox 1095 989 1190 1059; x_wconf 81' lang='lat' dir='ltr'><strong>opera</strong></span> <span class='ocrx_word' id='word_1_25' title='bbox 1211 970 1243 1033; x_wconf 86' lang='lat' dir='ltr'><strong><em>iu</em></strong></span> <span class='ocrx_word' id='word_1_26' title='bbox 1266 971 1454 1038; x_wconf 73' lang='lat' dir='ltr'><strong>Hellenicr&#39;r</strong></span> <span class='ocrx_word' id='word_1_27' title='bbox 1478 973 1548 1041; x_wconf 82' lang='lat' dir='ltr'><strong>Vll.</strong></span> <span class='ocrx_word' id='word_1_28' title='bbox 1568 993 1606 1042; x_wconf 88' lang='lat'><strong><em>11.</em></strong></span> 
     </span>
     <span class='ocr_line' id='line_1_5' title="bbox 438 1072 1606 1164; baseline -0.001 -18"><span class='ocrx_word' id='word_1_29' title='bbox 438 1087 489 1148; x_wconf 87' lang='grc'><strong><em>18.</em></strong></span> <span class='ocrx_word' id='word_1_30' title='bbox 506 1077 722 1160; x_wconf 86' lang='grc' dir='ltr'><strong><em>οίγοροίσανπες</em></strong></span> <span class='ocrx_word' id='word_1_31' title='bbox 743 1075 776 1140; x_wconf 78' lang='grc' dir='ltr'><strong><em>δὲ</em></strong></span> <span class='ocrx_word' id='word_1_32' title='bbox 796 1074 849 1138; x_wconf 81' lang='grc' dir='ltr'><strong><em>καί</em></strong></span> <span class='ocrx_word' id='word_1_33' title='bbox 867 1072 1150 1164; x_wconf 73' lang='grc' dir='ltr'><strong><em>ἐπισκευασάμενοι</em></strong></span> <span class='ocrx_word' id='word_1_34' title='bbox 1166 1075 1267 1139; x_wconf 83' lang='grc' dir='ltr'><strong><em>ίπίσα</em></strong></span> <span class='ocrx_word' id='word_1_35' title='bbox 1284 1077 1429 1142; x_wconf 81' lang='grc' dir='ltr'><strong><em>ἐδύναντο</em></strong></span> <span class='ocrx_word' id='word_1_36' title='bbox 1449 1079 1606 1162; x_wconf 84' lang='grc' dir='ltr'><strong><em>ὑποζύγια</em></strong></span> 
     </span>
     <span class='ocr_line' id='line_1_6' title="bbox 437 1179 1322 1259; baseline -0.006 -6"><span class='ocrx_word' id='word_1_37' title='bbox 437 1185 571 1253; x_wconf 82' lang='lat' dir='ltr'><strong>emendo</strong></span> <span class='ocrx_word' id='word_1_38' title='bbox 593 1179 875 1259; x_wconf 83' lang='grc' dir='ltr'><strong><em>ἐνοκευασοίμενοι,</em></strong></span> <span class='ocrx_word' id='word_1_39' title='bbox 899 1191 931 1244; x_wconf 91' lang='lat' dir='ltr'><strong>et</strong></span> <span class='ocrx_word' id='word_1_40' title='bbox 954 1179 988 1244; x_wconf 93' lang='lat' dir='ltr'><strong><em>iu</em></strong></span> <span class='ocrx_word' id='word_1_41' title='bbox 1011 1179 1198 1247; x_wconf 76' lang='grc' dir='ltr'><strong><em>Εοοίοείυο.</em></strong></span> <span class='ocrx_word' id='word_1_42' title='bbox 1225 1185 1322 1250; x_wconf 78' lang='grc'><strong>1147.</strong></span> 
     </span>
     <span class='ocr_line' id='line_1_7' title="bbox 627 1285 1341 1366; baseline 0.004 -14"><span class='ocrx_word' id='word_1_43' title='bbox 627 1327 632 1340; x_wconf 86' lang='lat'><strong>·</strong></span> <span class='ocrx_word' id='word_1_44' title='bbox 680 1288 716 1352; x_wconf 78' lang='grc' dir='ltr'><strong><em>πὸ</em></strong></span> <span class='ocrx_word' id='word_1_45' title='bbox 739 1286 860 1352; x_wconf 77' lang='grc' dir='ltr'><strong><em>δεῖπνον</em></strong></span> <span class='ocrx_word' id='word_1_46' title='bbox 882 1287 990 1358; x_wconf 78' lang='grc' dir='ltr'><strong><em>αὐτοῖς</em></strong></span> <span class='ocrx_word' id='word_1_47' title='bbox 1017 1285 1080 1353; x_wconf 84' lang='grc' dir='ltr'><strong><em>ἐςίν</em></strong></span> <span class='ocrx_word' id='word_1_48' title='bbox 1103 1287 1341 1366; x_wconf 84' lang='grc' dir='ltr'><strong><em>ἐσκευασμένον.</em></strong></span> 
     </span>
     <span class='ocr_line' id='line_1_8' title="bbox 436 1381 1608 1487; baseline -0.003 -26"><span class='ocrx_word' id='word_1_49' title='bbox 436 1419 496 1487; x_wconf 90' lang='lat' dir='ltr'><strong>pro</strong></span> <span class='ocrx_word' id='word_1_50' title='bbox 518 1394 564 1464; x_wconf 65' lang='lat' dir='ltr'><strong><em>tc&#39;</em></strong></span> <span class='ocrx_word' id='word_1_51' title='bbox 588 1389 869 1469; x_wconf 62' lang='lat' dir='ltr'><strong><em>inconsummatum.</em></strong></span> <span class='ocrx_word' id='word_1_52' title='bbox 898 1381 958 1455; x_wconf 52' lang='lat' dir='ltr'><strong><em>&#39;lu</em></strong></span> <span class='ocrx_word' id='word_1_53' title='bbox 977 1391 1125 1480; x_wconf 78' lang='lat' dir='ltr'><strong>Nigrino</strong></span> <span class='ocrx_word' id='word_1_54' title='bbox 1146 1396 1181 1470; x_wconf 89' lang='grc'><strong><em>3,</em></strong></span> <span class='ocrx_word' id='word_1_55' title='bbox 1206 1396 1258 1458; x_wconf 91' lang='grc'><strong>21.</strong></span> <span class='ocrx_word' id='word_1_56' title='bbox 1281 1416 1341 1484; x_wconf 89' lang='lat' dir='ltr'><strong>pro</strong></span> <span class='ocrx_word' id='word_1_57' title='bbox 1362 1396 1465 1472; x_wconf 78' lang='grc' dir='ltr'><strong><em>γελοῖν</em></strong></span> <span class='ocrx_word' id='word_1_58' title='bbox 1489 1394 1521 1458; x_wconf 82' lang='grc' dir='ltr'><strong><em>ἐν</em></strong></span> <span class='ocrx_word' id='word_1_59' title='bbox 1542 1399 1608 1466; x_wconf 83' lang='grc' dir='ltr'><strong><em>ποῒς</em></strong></span> 
     </span>
     <span class='ocr_line' id='line_1_9' title="bbox 436 1492 1607 1585; baseline -0.001 -20"><span class='ocrx_word' id='word_1_60' title='bbox 436 1494 613 1579; x_wconf 82' lang='grc' dir='ltr'><strong><em>γενομένοις</em></strong></span> <span class='ocrx_word' id='word_1_61' title='bbox 649 1496 770 1585; x_wconf 85' lang='lat' dir='ltr'><strong>optime</strong></span> <span class='ocrx_word' id='word_1_62' title='bbox 803 1492 1082 1562; x_wconf 71' lang='lat' dir='ltr'><strong>Hmruuuusws</strong></span> <span class='ocrx_word' id='word_1_63' title='bbox 1112 1497 1163 1564; x_wconf 77' lang='grc' dir='ltr'><strong><em>ἐπὶ</em></strong></span> <span class='ocrx_word' id='word_1_64' title='bbox 1198 1506 1263 1570; x_wconf 83' lang='grc' dir='ltr'><strong><em>σοῖς</em></strong></span> <span class='ocrx_word' id='word_1_65' title='bbox 1297 1499 1445 1564; x_wconf 71' lang='lat' dir='ltr'><strong>restituit.</strong></span> <span class='ocrx_word' id='word_1_66' title='bbox 1483 1502 1542 1577; x_wconf 87' lang='grc'><strong><em>33,</em></strong></span> <span class='ocrx_word' id='word_1_67' title='bbox 1576 1501 1607 1564; x_wconf 89' lang='grc'><strong><em>9.</em></strong></span> 
     </span>
     <span class='ocr_line' id='line_1_10' title="bbox 435 1601 1608 1684; baseline 0 -14"><span class='ocrx_word' id='word_1_68' title='bbox 435 1604 529 1670; x_wconf 91' lang='lat' dir='ltr'><strong>eodd.</strong></span> <span class='ocrx_word' id='word_1_69' title='bbox 562 1602 731 1669; x_wconf 82' lang='grc' dir='ltr'><strong><em>ἕν-ἐπί.</em></strong></span> <span class='ocrx_word' id='word_1_70' title='bbox 766 1603 827 1678; x_wconf 87' lang='grc'><strong><em>37,</em></strong></span> <span class='ocrx_word' id='word_1_71' title='bbox 861 1603 913 1667; x_wconf 80' lang='lat'><strong><em>14.</em></strong></span> <span class='ocrx_word' id='word_1_72' title='bbox 936 1602 989 1668; x_wconf 77' lang='grc' dir='ltr'><strong><em>ε’πί</em></strong></span> <span class='ocrx_word' id='word_1_73' title='bbox 1022 1611 1061 1684; x_wconf 67' lang='grc' dir='ltr'><strong><em>πῇ</em></strong></span> <span class='ocrx_word' id='word_1_74' title='bbox 1094 1601 1224 1684; x_wconf 79' lang='grc' dir='ltr'><strong><em>Ποικίλρ</em></strong></span> <span class='ocrx_word' id='word_1_75' title='bbox 1255 1603 1405 1684; x_wconf 65' lang='grc' dir='ltr'><strong><em>διασρλυυ</em></strong></span> <span class='ocrx_word' id='word_1_76' title='bbox 1433 1602 1608 1670; x_wconf 89' lang='lat' dir='ltr'><strong>ridiculum</strong></span> 
     </span>
     <span class='ocr_line' id='line_1_11' title="bbox 439 1703 1610 1800; baseline -0.002 -24"><span class='ocrx_word' id='word_1_77' title='bbox 439 1723 486 1776; x_wconf 87' lang='lat' dir='ltr'><strong>est</strong></span> <span class='ocrx_word' id='word_1_78' title='bbox 506 1732 565 1800; x_wconf 89' lang='lat' dir='ltr'><strong>pro</strong></span> <span class='ocrx_word' id='word_1_79' title='bbox 584 1712 626 1775; x_wconf 88' lang='grc' dir='ltr'><strong><em>ἐν.</em></strong></span> <span class='ocrx_word' id='word_1_80' title='bbox 652 1712 693 1772; x_wconf 77' lang='grc'><strong><em>45</em></strong></span> <span class='ocrx_word' id='word_1_81' title='bbox 705 1755 713 1776; x_wconf 93' lang='grc'><strong>.</strong></span> <span class='ocrx_word' id='word_1_82' title='bbox 727 1710 777 1772; x_wconf 88' lang='grc'><strong><em>17.</em></strong></span> <span class='ocrx_word' id='word_1_83' title='bbox 797 1703 900 1773; x_wconf 78' lang='lat' dir='ltr'><strong>codd.</strong></span> <span class='ocrx_word' id='word_1_84' title='bbox 919 1708 951 1772; x_wconf 83' lang='grc' dir='ltr'><strong><em>ἐν</em></strong></span> <span class='ocrx_word' id='word_1_85' title='bbox 971 1705 1052 1788; x_wconf 83' lang='grc' dir='ltr'><strong><em>Ἰλίῳ</em></strong></span> <span class='ocrx_word' id='word_1_86' title='bbox 1069 1743 1115 1758; x_wconf 90' lang='lat'><strong><em>-·-</em></strong></span> <span class='ocrx_word' id='word_1_87' title='bbox 1129 1707 1178 1772; x_wconf 85' lang='grc' dir='ltr'><strong><em>ἐπ’</em></strong></span> <span class='ocrx_word' id='word_1_88' title='bbox 1199 1708 1358 1790; x_wconf 57' lang='lat' dir='ltr'><strong>&#39;latim-ut</strong></span> <span class='ocrx_word' id='word_1_89' title='bbox 1376 1709 1454 1776; x_wconf 79' lang='lat' dir='ltr'><strong>alibi</strong></span> <span class='ocrx_word' id='word_1_90' title='bbox 1470 1709 1610 1776; x_wconf 82' lang='lat' dir='ltr'><strong>consun-</strong></span> 
     </span>
     <span class='ocr_line' id='line_1_12' title="bbox 433 1810 1607 1895; baseline -0.003 -12"><span class='ocrx_word' id='word_1_91' title='bbox 433 1817 555 1883; x_wconf 89' lang='lat' dir='ltr'><strong>duntur</strong></span> <span class='ocrx_word' id='word_1_92' title='bbox 582 1817 613 1880; x_wconf 88' lang='grc' dir='ltr'><strong><em>ἐν</em></strong></span> <span class='ocrx_word' id='word_1_93' title='bbox 643 1812 815 1895; x_wconf 77' lang='grc' dir='ltr'><strong><em>Δηλίῳ-</em></strong></span> <span class='ocrx_word' id='word_1_94' title='bbox 836 1812 887 1878; x_wconf 73' lang='grc' dir='ltr'><strong><em>ἐπὶ</em></strong></span> <span class='ocrx_word' id='word_1_95' title='bbox 917 1810 1035 1892; x_wconf 79' lang='grc' dir='ltr'><strong><em>Δκλίςο.</em></strong></span> <span class='ocrx_word' id='word_1_96' title='bbox 1068 1813 1129 1890; x_wconf 89' lang='grc'><strong><em>66,</em></strong></span> <span class='ocrx_word' id='word_1_97' title='bbox 1162 1814 1214 1880; x_wconf 93' lang='grc'><strong>17.</strong></span> <span class='ocrx_word' id='word_1_98' title='bbox 1240 1813 1426 1892; x_wconf 82' lang='grc' dir='ltr'><strong><em>βασκαίνειν</em></strong></span> <span class='ocrx_word' id='word_1_99' title='bbox 1455 1815 1505 1882; x_wconf 82' lang='grc' dir='ltr'><strong><em>ἐπί</em></strong></span> <span class='ocrx_word' id='word_1_100' title='bbox 1531 1824 1607 1888; x_wconf 83' lang='grc' dir='ltr'><strong><em>παῖς</em></strong></span> 
     </span>
     <span class='ocr_line' id='line_1_13' title="bbox 436 1915 1609 2008; baseline -0.003 -20"><span class='ocrx_word' id='word_1_101' title='bbox 436 1930 552 1994; x_wconf 85' lang='grc' dir='ltr'><strong><em>κοιναῖς</em></strong></span> <span class='ocrx_word' id='word_1_102' title='bbox 576 1919 761 2001; x_wconf 79' lang='grc' dir='ltr'><strong><em>εὐτυχίαις,</em></strong></span> <span class='ocrx_word' id='word_1_103' title='bbox 786 1917 842 1984; x_wconf 81' lang='lat' dir='ltr'><strong>elii</strong></span> <span class='ocrx_word' id='word_1_104' title='bbox 864 1915 1013 1984; x_wconf 80' lang='lat' dir='ltr'><strong>meliores</strong></span> <span class='ocrx_word' id='word_1_105' title='bbox 1039 1917 1069 1984; x_wconf 81' lang='grc' dir='ltr'><strong><em>ἐν</em></strong></span> <span class='ocrx_word' id='word_1_106' title='bbox 1097 1925 1181 1989; x_wconf 74' lang='grc' dir='ltr'><strong><em>ταῖς.</em></strong></span> <span class='ocrx_word' id='word_1_107' title='bbox 1229 1917 1351 1989; x_wconf 76' lang='lat' dir='ltr'><strong>Eodem</strong></span> <span class='ocrx_word' id='word_1_108' title='bbox 1373 1940 1464 2008; x_wconf 83' lang='lat' dir='ltr'><strong>opera</strong></span> <span class='ocrx_word' id='word_1_109' title='bbox 1484 1918 1609 2008; x_wconf 76' lang='lat' dir='ltr'><strong>corrige</strong></span> 
     </span>
     <span class='ocr_line' id='line_1_14' title="bbox 437 2022 1609 2112; baseline 0 -18"><span class='ocrx_word' id='word_1_110' title='bbox 437 2032 499 2107; x_wconf 84' lang='grc'><strong><em>65,</em></strong></span> <span class='ocrx_word' id='word_1_111' title='bbox 523 2031 553 2093; x_wconf 87' lang='grc'><strong>9.</strong></span> <span class='ocrx_word' id='word_1_112' title='bbox 579 2025 725 2090; x_wconf 89' lang='grc' dir='ltr'><strong><em>ἐπίπνοια</em></strong></span> <span class='ocrx_word' id='word_1_113' title='bbox 750 2046 810 2112; x_wconf 91' lang='lat' dir='ltr'><strong>pro</strong></span> <span class='ocrx_word' id='word_1_114' title='bbox 838 2022 990 2102; x_wconf 81' lang='grc' dir='ltr'><strong><em>ἔμπνοια,</em></strong></span> <span class='ocrx_word' id='word_1_115' title='bbox 1015 2033 1047 2090; x_wconf 87' lang='lat' dir='ltr'><strong>et</strong></span> <span class='ocrx_word' id='word_1_116' title='bbox 1069 2024 1129 2102; x_wconf 88' lang='lat'><strong><em>10,</em></strong></span> <span class='ocrx_word' id='word_1_117' title='bbox 1150 2026 1208 2102; x_wconf 88' lang='grc'><strong><em>29,</em></strong></span> <span class='ocrx_word' id='word_1_118' title='bbox 1231 2029 1261 2090; x_wconf 93' lang='grc'><strong>2.</strong></span> <span class='ocrx_word' id='word_1_119' title='bbox 1279 2027 1309 2092; x_wconf 86' lang='grc' dir='ltr'><strong><em>ἐν</em></strong></span> <span class='ocrx_word' id='word_1_120' title='bbox 1333 2025 1435 2105; x_wconf 78' lang='grc' dir='ltr'><strong><em>Τροισί</em></strong></span> <span class='ocrx_word' id='word_1_121' title='bbox 1461 2026 1609 2098; x_wconf 60' lang='lat' dir='ltr'><strong>ottocaro</strong></span> 
     </span>
     <span class='ocr_line' id='line_1_15' title="bbox 439 2127 1609 2226; baseline -0.008 -25"><span class='ocrx_word' id='word_1_122' title='bbox 439 2158 499 2226; x_wconf 93' lang='lat' dir='ltr'><strong>pro</strong></span> <span class='ocrx_word' id='word_1_123' title='bbox 517 2133 587 2215; x_wconf 85' lang='grc' dir='ltr'><strong><em>ἐπί,</em></strong></span> <span class='ocrx_word' id='word_1_124' title='bbox 607 2131 683 2221; x_wconf 85' lang='lat' dir='ltr'><strong>quia</strong></span> <span class='ocrx_word' id='word_1_125' title='bbox 702 2130 753 2194; x_wconf 73' lang='grc' dir='ltr'><strong><em>ἐπὶ</em></strong></span> <span class='ocrx_word' id='word_1_126' title='bbox 771 2131 897 2198; x_wconf 74' lang='grc' dir='ltr'><strong><em>δικαεοῦ</em></strong></span> <span class='ocrx_word' id='word_1_127' title='bbox 916 2151 1012 2217; x_wconf 75' lang='lat' dir='ltr'><strong>coepe</strong></span> <span class='ocrx_word' id='word_1_128' title='bbox 1031 2127 1149 2195; x_wconf 86' lang='lat' dir='ltr'><strong>dicitur</strong></span> <span class='ocrx_word' id='word_1_129' title='bbox 1163 2129 1296 2220; x_wconf 84' lang='lat' dir='ltr'><strong>(inspice</strong></span> <span class='ocrx_word' id='word_1_130' title='bbox 1316 2129 1446 2198; x_wconf 85' lang='lat' dir='ltr'><strong>omuino</strong></span> <span class='ocrx_word' id='word_1_131' title='bbox 1462 2132 1520 2206; x_wconf 87' lang='grc'><strong><em>32,</em></strong></span> <span class='ocrx_word' id='word_1_132' title='bbox 1541 2131 1609 2214; x_wconf 79' lang='grc'><strong>57.)</strong></span> 
     </span>
     <span class='ocr_line' id='line_1_16' title="bbox 437 2232 1608 2326; baseline -0.006 -21"><span class='ocrx_word' id='word_1_133' title='bbox 437 2241 488 2305; x_wconf 84' lang='grc' dir='ltr'><strong><em>ἐπί</em></strong></span> <span class='ocrx_word' id='word_1_134' title='bbox 522 2240 634 2319; x_wconf 73' lang='grc' dir='ltr'><strong><em>δικαςῇ</em></strong></span> <span class='ocrx_word' id='word_1_135' title='bbox 668 2257 857 2326; x_wconf 82' lang='lat' dir='ltr'><strong>numquam.</strong></span> <span class='ocrx_word' id='word_1_136' title='bbox 906 2233 984 2318; x_wconf 79' lang='lat' dir='ltr'><strong>Quis</strong></span> <span class='ocrx_word' id='word_1_137' title='bbox 1014 2234 1155 2300; x_wconf 83' lang='lat' dir='ltr'><strong>nuncin</strong></span> <span class='ocrx_word' id='word_1_138' title='bbox 1173 2232 1608 2303; x_wconf 74' lang='lat' dir='ltr'><strong>Hettem·cisv11.1r.8.ot</strong></span> 
     </span>
     <span class='ocr_line' id='line_1_17' title="bbox 436 2337 1607 2424; baseline -0.005 -16"><span class='ocrx_word' id='word_1_139' title='bbox 436 2346 495 2424; x_wconf 77' lang='grc' dir='ltr'><strong><em>μὲν</em></strong></span> <span class='ocrx_word' id='word_1_140' title='bbox 529 2343 580 2407; x_wconf 75' lang='grc' dir='ltr'><strong><em>ἐπὶ</em></strong></span> <span class='ocrx_word' id='word_1_141' title='bbox 613 2343 649 2407; x_wconf 79' lang='grc' dir='ltr'><strong><em>τὸ</em></strong></span> <span class='ocrx_word' id='word_1_142' title='bbox 678 2349 807 2422; x_wconf 76' lang='grc' dir='ltr'><strong><em>τεῖχος,</em></strong></span> <span class='ocrx_word' id='word_1_143' title='bbox 840 2340 866 2404; x_wconf 79' lang='grc' dir='ltr'><strong><em>οἳ</em></strong></span> <span class='ocrx_word' id='word_1_144' title='bbox 901 2339 932 2405; x_wconf 79' lang='grc' dir='ltr'><strong><em>δὲ</em></strong></span> <span class='ocrx_word' id='word_1_145' title='bbox 963 2338 1016 2404; x_wconf 78' lang='grc' dir='ltr'><strong><em>καί</em></strong></span> <span class='ocrx_word' id='word_1_146' title='bbox 1049 2339 1156 2417; x_wconf 80' lang='grc' dir='ltr'><strong><em>ίξιοίεν</em></strong></span> <span class='ocrx_word' id='word_1_147' title='bbox 1186 2339 1232 2405; x_wconf 85' lang='grc' dir='ltr'><strong><em>ἐπι</em></strong></span> <span class='ocrx_word' id='word_1_148' title='bbox 1254 2340 1529 2418; x_wconf 68' lang='grc' dir='ltr'><strong><em>ἐπαναβαίνοντας</em></strong></span> <span class='ocrx_word' id='word_1_149' title='bbox 1556 2337 1607 2404; x_wconf 79' lang='grc' dir='ltr'><strong><em>ἐπὶ</em></strong></span> 
     </span>
     <span class='ocr_line' id='line_1_18' title="bbox 437 2443 1658 2536; baseline -0.003 -22"><span class='ocrx_word' id='word_1_150' title='bbox 437 2460 510 2522; x_wconf 82' lang='grc' dir='ltr'><strong><em>παῖς</em></strong></span> <span class='ocrx_word' id='word_1_151' title='bbox 530 2447 681 2527; x_wconf 75' lang='grc' dir='ltr'><strong><em>κλίμαξιν</em></strong></span> <span class='ocrx_word' id='word_1_152' title='bbox 696 2446 795 2518; x_wconf 82' lang='grc' dir='ltr'><strong><em>ίνπας,</em></strong></span> <span class='ocrx_word' id='word_1_153' title='bbox 810 2443 934 2523; x_wconf 83' lang='grc' dir='ltr'><strong><em>ἔπαιον,</em></strong></span> <span class='ocrx_word' id='word_1_154' title='bbox 958 2444 1039 2510; x_wconf 81' lang='lat' dir='ltr'><strong>ferat</strong></span> <span class='ocrx_word' id='word_1_155' title='bbox 1061 2445 1112 2510; x_wconf 76' lang='grc' dir='ltr'><strong><em>ἐπί</em></strong></span> <span class='ocrx_word' id='word_1_156' title='bbox 1134 2453 1206 2518; x_wconf 83' lang='grc' dir='ltr'><strong><em>παῖς</em></strong></span> <span class='ocrx_word' id='word_1_157' title='bbox 1231 2445 1381 2524; x_wconf 82' lang='grc' dir='ltr'><strong><em>κλίμαξιν</em></strong></span> <span class='ocrx_word' id='word_1_158' title='bbox 1403 2469 1463 2536; x_wconf 90' lang='lat' dir='ltr'><strong>pro</strong></span> <span class='ocrx_word' id='word_1_159' title='bbox 1485 2447 1516 2516; x_wconf 83' lang='grc' dir='ltr'><strong><em>ἐν</em></strong></span> <span class='ocrx_word' id='word_1_160' title='bbox 1536 2451 1608 2516; x_wconf 83' lang='grc' dir='ltr'><strong><em>παῖς</em></strong></span> <span class='ocrx_word' id='word_1_161' title='bbox 1649 2519 1658 2528; x_wconf 48' lang='lat'>‚</span> 
     </span>
     <span class='ocr_line' id='line_1_19' title="bbox 436 2548 1609 2641; baseline -0.005 -21"><span class='ocrx_word' id='word_1_162' title='bbox 436 2553 608 2633; x_wconf 78' lang='grc' dir='ltr'><strong><em>κλίμαξιν,</em></strong></span> <span class='ocrx_word' id='word_1_163' title='bbox 629 2562 793 2641; x_wconf 80' lang='lat' dir='ltr'><strong>praetereo</strong></span> <span class='ocrx_word' id='word_1_164' title='bbox 810 2548 948 2616; x_wconf 84' lang='lat' dir='ltr'><strong>rescribe</strong></span> <span class='ocrx_word' id='word_1_165' title='bbox 968 2549 1013 2615; x_wconf 81' lang='grc' dir='ltr'><strong><em>ἔπι</em></strong></span> <span class='ocrx_word' id='word_1_166' title='bbox 1034 2550 1286 2628; x_wconf 71' lang='grc' dir='ltr'><strong><em>ἀναβαίνοντας,</em></strong></span> <span class='ocrx_word' id='word_1_167' title='bbox 1306 2573 1380 2618; x_wconf 80' lang='lat' dir='ltr'><strong>nem</strong></span> <span class='ocrx_word' id='word_1_168' title='bbox 1399 2560 1457 2618; x_wconf 87' lang='grc' dir='ltr'><strong><em>ΕΠ</em></strong></span> <span class='ocrx_word' id='word_1_169' title='bbox 1479 2573 1517 2616; x_wconf 89' lang='lat' dir='ltr'><strong><em>er</em></strong></span> <span class='ocrx_word' id='word_1_170' title='bbox 1535 2557 1609 2616; x_wconf 85' lang='lat' dir='ltr'><strong><em>ETI</em></strong></span> 
     </span>
     <span class='ocr_line' id='line_1_20' title="bbox 436 2653 1612 2748; baseline -0.003 -24"><span class='ocrx_word' id='word_1_171' title='bbox 436 2671 548 2724; x_wconf 85' lang='lat' dir='ltr'><strong>notum</strong></span> <span class='ocrx_word' id='word_1_172' title='bbox 568 2680 635 2724; x_wconf 89' lang='lat' dir='ltr'><strong>esse</strong></span> <span class='ocrx_word' id='word_1_173' title='bbox 658 2656 861 2747; x_wconf 86' lang='lat' dir='ltr'><strong>perspicuum</strong></span> <span class='ocrx_word' id='word_1_174' title='bbox 883 2669 938 2722; x_wconf 80' lang='lat' dir='ltr'><strong>ert.</strong></span> <span class='ocrx_word' id='word_1_175' title='bbox 972 2653 1009 2720; x_wconf 85' lang='lat' dir='ltr'><strong><em>ln</em></strong></span> <span class='ocrx_word' id='word_1_176' title='bbox 1031 2654 1214 2721; x_wconf 77' lang='lat' dir='ltr'><strong>Hruouoro</strong></span> <span class='ocrx_word' id='word_1_177' title='bbox 1236 2655 1273 2721; x_wconf 79' lang='lat' dir='ltr'><strong><em>V.</em></strong></span> <span class='ocrx_word' id='word_1_178' title='bbox 1297 2662 1348 2724; x_wconf 84' lang='lat'><strong><em>53.</em></strong></span> <span class='ocrx_word' id='word_1_179' title='bbox 1368 2681 1428 2748; x_wconf 90' lang='lat' dir='ltr'><strong>pro</strong></span> <span class='ocrx_word' id='word_1_180' title='bbox 1447 2660 1497 2724; x_wconf 89' lang='grc' dir='ltr'><strong><em>ἐπ’</em></strong></span> <span class='ocrx_word' id='word_1_181' title='bbox 1516 2655 1612 2737; x_wconf 73' lang='grc' dir='ltr'><strong><em>ἧμέρκ</em></strong></span> 
     </span>
     <span class='ocr_line' id='line_1_21' title="bbox 437 2759 1609 2850; baseline -0.005 -18"><span class='ocrx_word' id='word_1_182' title='bbox 437 2765 539 2832; x_wconf 83' lang='lat' dir='ltr'><strong>scribe</strong></span> <span class='ocrx_word' id='word_1_183' title='bbox 559 2765 589 2828; x_wconf 84' lang='grc' dir='ltr'><strong><em>ἐν</em></strong></span> <span class='ocrx_word' id='word_1_184' title='bbox 614 2764 721 2844; x_wconf 62' lang='grc' dir='ltr'><strong><em>ἡμέρα.</em></strong></span> <span class='ocrx_word' id='word_1_185' title='bbox 750 2761 900 2829; x_wconf 67' lang='lat' dir='ltr'><strong>Teucro.</strong></span> <span class='ocrx_word' id='word_1_186' title='bbox 923 2759 979 2827; x_wconf 79' lang='lat' dir='ltr'><strong><em>[V.</em></strong></span> <span class='ocrx_word' id='word_1_187' title='bbox 1002 2766 1054 2826; x_wconf 77' lang='lat'><strong><em>55.</em></strong></span> <span class='ocrx_word' id='word_1_188' title='bbox 1075 2766 1128 2827; x_wconf 81' lang='grc' dir='ltr'><strong><em>ποῦ</em></strong></span> <span class='ocrx_word' id='word_1_189' title='bbox 1154 2761 1204 2826; x_wconf 79' lang='grc' dir='ltr'><strong><em>ἐπί</em></strong></span> <span class='ocrx_word' id='word_1_190' title='bbox 1229 2773 1267 2845; x_wconf 69' lang='grc' dir='ltr'><strong><em>τῇ</em></strong></span> <span class='ocrx_word' id='word_1_191' title='bbox 1296 2763 1374 2843; x_wconf 82' lang='grc' dir='ltr'><strong><em>νιίοῳ</em></strong></span> <span class='ocrx_word' id='word_1_192' title='bbox 1404 2761 1518 2834; x_wconf 83' lang='grc' dir='ltr'><strong><em>ποίίους</em></strong></span> <span class='ocrx_word' id='word_1_193' title='bbox 1539 2761 1609 2850; x_wconf 79' lang='lat' dir='ltr'><strong>lege</strong></span> 
     </span>
     <span class='ocr_line' id='line_1_22' title="bbox 375 2865 1609 2954; baseline -0.006 -17"><span class='ocrx_word' id='word_1_194' title='bbox 375 2945 378 2950; x_wconf 49' lang='grc'><strong>,</strong></span> <span class='ocrx_word' id='word_1_195' title='bbox 435 2875 466 2937; x_wconf 86' lang='grc' dir='ltr'><strong><em>ἐν</em></strong></span> <span class='ocrx_word' id='word_1_196' title='bbox 484 2882 523 2954; x_wconf 68' lang='grc' dir='ltr'><strong><em>τῇ</em></strong></span> <span class='ocrx_word' id='word_1_197' title='bbox 544 2872 634 2950; x_wconf 73' lang='grc' dir='ltr'><strong><em>νήσῳ.</em></strong></span> <span class='ocrx_word' id='word_1_198' title='bbox 684 2866 724 2934; x_wconf 86' lang='lat' dir='ltr'><strong><em>Iu</em></strong></span> <span class='ocrx_word' id='word_1_199' title='bbox 744 2866 918 2936; x_wconf 80' lang='lat' dir='ltr'><strong>Isocums</strong></span> <span class='ocrx_word' id='word_1_200' title='bbox 933 2866 1093 2932; x_wconf 78' lang='lat' dir='ltr'><strong><em>Plataico</em></strong></span> <span class='ocrx_word' id='word_1_201' title='bbox 1114 2869 1131 2950; x_wconf 84' lang='lat'>§</span> <span class='ocrx_word' id='word_1_202' title='bbox 1152 2871 1204 2935; x_wconf 85' lang='grc'><strong>53.</strong></span> <span class='ocrx_word' id='word_1_203' title='bbox 1222 2869 1459 2948; x_wconf 80' lang='grc' dir='ltr'><strong><em>Φιλοσιμείοίαι</em></strong></span> <span class='ocrx_word' id='word_1_204' title='bbox 1480 2867 1537 2948; x_wconf 79' lang='grc' dir='ltr'><strong><em>μὲν</em></strong></span> <span class='ocrx_word' id='word_1_205' title='bbox 1558 2865 1609 2932; x_wconf 76' lang='grc' dir='ltr'><strong><em>ἐπὶ</em></strong></span> 
     </span>
     <span class='ocr_line' id='line_1_23' title="bbox 434 2970 1613 3057; baseline -0.003 -18"><span class='ocrx_word' id='word_1_206' title='bbox 434 2983 500 3048; x_wconf 82' lang='grc' dir='ltr'><strong><em>τοῖς</em></strong></span> <span class='ocrx_word' id='word_1_207' title='bbox 528 2980 588 3039; x_wconf 80' lang='grc' dir='ltr'><strong><em>πῶν</em></strong></span> <span class='ocrx_word' id='word_1_208' title='bbox 620 2970 774 3052; x_wconf 85' lang='grc' dir='ltr'><strong><em>προγίνυν</em></strong></span> <span class='ocrx_word' id='word_1_209' title='bbox 803 2970 921 3056; x_wconf 81' lang='grc' dir='ltr'><strong><em>ἔργοις,</em></strong></span> <span class='ocrx_word' id='word_1_210' title='bbox 949 2970 1097 3038; x_wconf 62' lang='lat' dir='ltr'><strong><em>[froccos</em></strong></span> <span class='ocrx_word' id='word_1_211' title='bbox 1118 2970 1202 3036; x_wconf 84' lang='lat' dir='ltr'><strong>mule</strong></span> <span class='ocrx_word' id='word_1_212' title='bbox 1224 2973 1254 3036; x_wconf 86' lang='grc' dir='ltr'><strong><em>ἐν</em></strong></span> <span class='ocrx_word' id='word_1_213' title='bbox 1275 2979 1357 3045; x_wconf 82' lang='grc' dir='ltr'><strong><em>ποίς,</em></strong></span> <span class='ocrx_word' id='word_1_214' title='bbox 1383 2975 1482 3057; x_wconf 87' lang='lat' dir='ltr'><strong>(reete</strong></span> <span class='ocrx_word' id='word_1_215' title='bbox 1504 2993 1613 3055; x_wconf 68' lang='lat' dir='ltr'><strong>omne,</strong></span> 
     </span>
     <span class='ocr_line' id='line_1_24' title="bbox 440 3077 1612 3166; baseline 0 -20"><span class='ocrx_word' id='word_1_216' title='bbox 440 3081 481 3146; x_wconf 80' lang='lat' dir='ltr'><strong>de</strong></span> <span class='ocrx_word' id='word_1_217' title='bbox 510 3081 603 3146; x_wconf 83' lang='lat' dir='ltr'><strong><em>Pace</em></strong></span> <span class='ocrx_word' id='word_1_218' title='bbox 631 3081 649 3162; x_wconf 87' lang='lat'>§</span> <span class='ocrx_word' id='word_1_219' title='bbox 679 3078 747 3166; x_wconf 79' lang='lat'><strong>41).</strong></span> <span class='ocrx_word' id='word_1_220' title='bbox 794 3077 833 3146; x_wconf 82' lang='lat' dir='ltr'><strong><em>Iu</em></strong></span> <span class='ocrx_word' id='word_1_221' title='bbox 860 3079 1003 3148; x_wconf 86' lang='lat' dir='ltr'><strong>eiusdem</strong></span> <span class='ocrx_word' id='word_1_222' title='bbox 1032 3079 1176 3146; x_wconf 77' lang='lat' dir='ltr'><strong>oratione</strong></span> <span class='ocrx_word' id='word_1_223' title='bbox 1200 3080 1273 3159; x_wconf 80' lang='grc' dir='ltr'><strong><em>πρὸς</em></strong></span> <span class='ocrx_word' id='word_1_224' title='bbox 1298 3079 1512 3159; x_wconf 82' lang='grc' dir='ltr'><strong><em>Καλλίμαχον</em></strong></span> <span class='ocrx_word' id='word_1_225' title='bbox 1536 3084 1553 3165; x_wconf 84' lang='lat'>§</span> <span class='ocrx_word' id='word_1_226' title='bbox 1581 3086 1612 3150; x_wconf 81' lang='lat'><strong><em>9.</em></strong></span> 
     </span>
     <span class='ocr_line' id='line_1_25' title="bbox 434 3182 1613 3266; baseline 0.003 -16"><span class='ocrx_word' id='word_1_227' title='bbox 434 3185 564 3266; x_wconf 73' lang='grc' dir='ltr'><strong><em>καθίζων</em></strong></span> <span class='ocrx_word' id='word_1_228' title='bbox 589 3182 639 3248; x_wconf 80' lang='grc' dir='ltr'><strong><em>ε’πί</em></strong></span> <span class='ocrx_word' id='word_1_229' title='bbox 660 3191 726 3255; x_wconf 79' lang='grc' dir='ltr'><strong><em>τοῖς</em></strong></span> <span class='ocrx_word' id='word_1_230' title='bbox 751 3184 943 3266; x_wconf 79' lang='grc' dir='ltr'><strong><em>ε’ργαενρίοις</em></strong></span> <span class='ocrx_word' id='word_1_231' title='bbox 970 3184 1177 3254; x_wconf 86' lang='lat' dir='ltr'><strong>scribendum</strong></span> <span class='ocrx_word' id='word_1_232' title='bbox 1200 3186 1231 3250; x_wconf 84' lang='grc' dir='ltr'><strong><em>ἐν</em></strong></span> <span class='ocrx_word' id='word_1_233' title='bbox 1253 3192 1340 3258; x_wconf 84' lang='grc' dir='ltr'><strong><em>σοῖς,</em></strong></span> <span class='ocrx_word' id='word_1_234' title='bbox 1362 3183 1450 3250; x_wconf 86' lang='lat' dir='ltr'><strong>utin</strong></span> <span class='ocrx_word' id='word_1_235' title='bbox 1469 3183 1613 3253; x_wconf 77' lang='lat' dir='ltr'><strong>tmsro-</strong></span> 
     </span>
     <span class='ocr_line' id='line_1_26' title="bbox 439 3289 852 3381; baseline 0 -27"><span class='ocrx_word' id='word_1_236' title='bbox 439 3308 560 3354; x_wconf 74' lang='lat' dir='ltr'><strong>mrrs</strong></span> <span class='ocrx_word' id='word_1_237' title='bbox 582 3289 686 3381; x_wconf 79' lang='lat' dir='ltr'><strong>Pluto</strong></span> <span class='ocrx_word' id='word_1_238' title='bbox 709 3310 752 3354; x_wconf 82' lang='lat' dir='ltr'><strong><em>rs.</em></strong></span> <span class='ocrx_word' id='word_1_239' title='bbox 776 3291 852 3355; x_wconf 84' lang='lat'><strong>337.</strong></span> 
     </span>
     <span class='ocr_line' id='line_1_27' title="bbox 613 3391 1459 3478; baseline 0.012 -21"><span class='ocrx_word' id='word_1_240' title='bbox 613 3393 713 3458; x_wconf 80' lang='grc' dir='ltr'><strong><em>καίτοι</em></strong></span> <span class='ocrx_word' id='word_1_241' title='bbox 737 3392 832 3473; x_wconf 76' lang='grc' dir='ltr'><strong><em>λόγος</em></strong></span> <span class='ocrx_word' id='word_1_242' title='bbox 856 3399 890 3474; x_wconf 94' lang='grc' dir='ltr'><strong><em>γ’</em></strong></span> <span class='ocrx_word' id='word_1_243' title='bbox 914 3391 948 3471; x_wconf 76' lang='grc' dir='ltr'><strong><em>ἦν</em></strong></span> <span class='ocrx_word' id='word_1_244' title='bbox 972 3398 1006 3472; x_wconf 76' lang='grc' dir='ltr'><strong><em>νίρ</em></strong></span> <span class='ocrx_word' id='word_1_245' title='bbox 1030 3398 1082 3464; x_wconf 76' lang='grc' dir='ltr'><strong><em>τὸν</em></strong></span> <span class='ocrx_word' id='word_1_246' title='bbox 1106 3396 1267 3478; x_wconf 83' lang='grc' dir='ltr'><strong><em>Ἡρακλέα</em></strong></span> <span class='ocrx_word' id='word_1_247' title='bbox 1291 3394 1388 3466; x_wconf 78' lang='grc' dir='ltr'><strong><em>πολιίς</em></strong></span> <span class='ocrx_word' id='word_1_248' title='bbox 1454 3393 1459 3410; x_wconf 84' lang='grc'>’</span> 
     </span>
     <span class='ocr_line' id='line_1_28' title="bbox 511 3499 1258 3582; baseline 0.005 -20"><span class='ocrx_word' id='word_1_249' title='bbox 511 3506 514 3516; x_wconf 91' lang='grc'><strong>’</strong></span> <span class='ocrx_word' id='word_1_250' title='bbox 614 3499 665 3564; x_wconf 77' lang='grc' dir='ltr'><strong><em>ἐπὶ</em></strong></span> <span class='ocrx_word' id='word_1_251' title='bbox 690 3508 770 3566; x_wconf 81' lang='grc' dir='ltr'><strong><em>σοῖσι</em></strong></span> <span class='ocrx_word' id='word_1_252' title='bbox 795 3501 953 3582; x_wconf 83' lang='grc' dir='ltr'><strong><em>κουρείοισι</em></strong></span> <span class='ocrx_word' id='word_1_253' title='bbox 976 3509 1035 3568; x_wconf 80' lang='grc' dir='ltr'><strong><em>τῶν</em></strong></span> <span class='ocrx_word' id='word_1_254' title='bbox 1059 3502 1258 3582; x_wconf 75' lang='grc' dir='ltr'><strong><em>καθημένων,</em></strong></span> 
     </span>
    </p>

    <p class='ocr_par' dir='ltr' id='par_1_3' title="bbox 438 3605 1620 4753">
     <span class='ocr_line' id='line_1_29' title="bbox 442 3605 1615 3697; baseline 0.003 -27"><span class='ocrx_word' id='word_1_255' title='bbox 442 3605 651 3672; x_wconf 85' lang='lat' dir='ltr'><strong>necessarium</strong></span> <span class='ocrx_word' id='word_1_256' title='bbox 683 3617 730 3672; x_wconf 86' lang='lat' dir='ltr'><strong>est</strong></span> <span class='ocrx_word' id='word_1_257' title='bbox 759 3608 790 3671; x_wconf 86' lang='grc' dir='ltr'><strong><em>ἕν</em></strong></span> <span class='ocrx_word' id='word_1_258' title='bbox 823 3615 903 3672; x_wconf 73' lang='grc' dir='ltr'><strong><em>τοῖσι</em></strong></span> <span class='ocrx_word' id='word_1_259' title='bbox 940 3607 1116 3688; x_wconf 79' lang='grc' dir='ltr'><strong><em>κουρείοισι,</em></strong></span> <span class='ocrx_word' id='word_1_260' title='bbox 1152 3606 1423 3697; x_wconf 80' lang='lat' dir='ltr'><strong>quemadmodum</strong></span> <span class='ocrx_word' id='word_1_261' title='bbox 1451 3607 1485 3672; x_wconf 86' lang='lat' dir='ltr'><strong><em>in</em></strong></span> <span class='ocrx_word' id='word_1_262' title='bbox 1513 3605 1615 3674; x_wconf 64' lang='lat' dir='ltr'><strong><em>Lim</em></strong></span> 
     </span>
     <span class='ocr_line' id='line_1_30' title="bbox 442 3710 1616 3803; baseline 0.003 -26"><span class='ocrx_word' id='word_1_263' title='bbox 442 3710 541 3778; x_wconf 84' lang='lat' dir='ltr'><strong>XXX.</strong></span> <span class='ocrx_word' id='word_1_264' title='bbox 564 3713 618 3776; x_wconf 88' lang='grc'><strong>30.</strong></span> <span class='ocrx_word' id='word_1_265' title='bbox 648 3712 678 3776; x_wconf 84' lang='grc' dir='ltr'><strong><em>ἐν</em></strong></span> <span class='ocrx_word' id='word_1_266' title='bbox 698 3720 763 3783; x_wconf 81' lang='grc' dir='ltr'><strong><em>τοῖς</em></strong></span> <span class='ocrx_word' id='word_1_267' title='bbox 787 3712 990 3792; x_wconf 73' lang='grc' dir='ltr'><strong><em>δικαςκρίοις,</em></strong></span> <span class='ocrx_word' id='word_1_268' title='bbox 1015 3735 1074 3803; x_wconf 89' lang='lat' dir='ltr'><strong>pro</strong></span> <span class='ocrx_word' id='word_1_269' title='bbox 1094 3713 1147 3780; x_wconf 89' lang='grc' dir='ltr'><strong><em>ἐπί</em></strong></span> <span class='ocrx_word' id='word_1_270' title='bbox 1166 3725 1212 3779; x_wconf 89' lang='lat' dir='ltr'><strong>est</strong></span> <span class='ocrx_word' id='word_1_271' title='bbox 1231 3711 1481 3780; x_wconf 85' lang='lat' dir='ltr'><strong>rescribendum.</strong></span> <span class='ocrx_word' id='word_1_272' title='bbox 1514 3712 1616 3780; x_wconf 81' lang='lat' dir='ltr'><strong>Recte</strong></span> 
     </span>
     <span class='ocr_line' id='line_1_31' title="bbox 441 3814 1611 3896; baseline -0.001 -14"><span class='ocrx_word' id='word_1_273' title='bbox 441 3817 475 3882; x_wconf 86' lang='lat' dir='ltr'><strong><em>in</em></strong></span> <span class='ocrx_word' id='word_1_274' title='bbox 514 3817 696 3881; x_wconf 80' lang='lat' dir='ltr'><strong>Hellenicr&#39;c</strong></span> <span class='ocrx_word' id='word_1_275' title='bbox 730 3814 802 3880; x_wconf 82' lang='lat' dir='ltr'><strong><em>VH.</em></strong></span> <span class='ocrx_word' id='word_1_276' title='bbox 833 3834 857 3881; x_wconf 90' lang='lat' dir='ltr'><strong><em>r.</em></strong></span> <span class='ocrx_word' id='word_1_277' title='bbox 892 3820 945 3886; x_wconf 85' lang='lat'><strong><em>45.</em></strong></span> <span class='ocrx_word' id='word_1_278' title='bbox 973 3819 1012 3891; x_wconf 82' lang='grc' dir='ltr'><strong><em>ὥς</em></strong></span> <span class='ocrx_word' id='word_1_279' title='bbox 1041 3824 1098 3892; x_wconf 70' lang='grc' dir='ltr'><strong><em>τῆν</em></strong></span> <span class='ocrx_word' id='word_1_280' title='bbox 1128 3817 1290 3889; x_wconf 82' lang='grc' dir='ltr'><strong><em>πολιτείας</em></strong></span> <span class='ocrx_word' id='word_1_281' title='bbox 1315 3817 1460 3896; x_wconf 76' lang='grc' dir='ltr'><strong><em>ἐσομένης</em></strong></span> <span class='ocrx_word' id='word_1_282' title='bbox 1485 3819 1516 3883; x_wconf 88' lang='grc' dir='ltr'><strong><em>ἐν</em></strong></span> <span class='ocrx_word' id='word_1_283' title='bbox 1545 3824 1611 3890; x_wconf 80' lang='grc' dir='ltr'><strong><em>τοῖς</em></strong></span> 
     </span>
     <span class='ocr_line' id='line_1_32' title="bbox 441 3920 1616 3999; baseline 0 -11"><span class='ocrx_word' id='word_1_284' title='bbox 441 3925 517 3994; x_wconf 89' lang='grc' dir='ltr'><strong><em>ίοοις</em></strong></span> <span class='ocrx_word' id='word_1_285' title='bbox 559 3921 612 3988; x_wconf 76' lang='grc' dir='ltr'><strong><em>καί</em></strong></span> <span class='ocrx_word' id='word_1_286' title='bbox 653 3920 765 3999; x_wconf 78' lang='grc' dir='ltr'><strong><em>ὁμοίοις</em></strong></span> <span class='ocrx_word' id='word_1_287' title='bbox 805 3920 1012 3990; x_wconf 83' lang='lat' dir='ltr'><strong>Druoourrus</strong></span> <span class='ocrx_word' id='word_1_288' title='bbox 1045 3933 1164 3988; x_wconf 82' lang='lat' dir='ltr'><strong>eertum</strong></span> <span class='ocrx_word' id='word_1_289' title='bbox 1201 3923 1350 3994; x_wconf 78' lang='lat' dir='ltr'><strong>thtsun</strong></span> <span class='ocrx_word' id='word_1_290' title='bbox 1383 3923 1616 3990; x_wconf 71' lang='lat' dir='ltr'><strong>correctionem</strong></span> 
     </span>
     <span class='ocr_line' id='line_1_33' title="bbox 442 4023 1615 4118; baseline 0 -24"><span class='ocrx_word' id='word_1_291' title='bbox 442 4026 562 4116; x_wconf 84' lang='lat' dir='ltr'><strong>recepit</strong></span> <span class='ocrx_word' id='word_1_292' title='bbox 578 4024 627 4089; x_wconf 82' lang='grc' dir='ltr'><strong><em>ε’πί</em></strong></span> <span class='ocrx_word' id='word_1_293' title='bbox 648 4033 713 4095; x_wconf 79' lang='grc' dir='ltr'><strong><em>τοῖς</em></strong></span> <span class='ocrx_word' id='word_1_294' title='bbox 731 4023 825 4100; x_wconf 84' lang='grc' dir='ltr'><strong><em>ίοοις.</em></strong></span> <span class='ocrx_word' id='word_1_295' title='bbox 845 4027 930 4095; x_wconf 86' lang='lat' dir='ltr'><strong>utin</strong></span> <span class='ocrx_word' id='word_1_296' title='bbox 948 4030 965 4112; x_wconf 87' lang='lat'>§</span> <span class='ocrx_word' id='word_1_297' title='bbox 981 4031 996 4094; x_wconf 92' lang='lat' dir='ltr'>l</span> <span class='ocrx_word' id='word_1_298' title='bbox 1012 4039 1043 4094; x_wconf 89' lang='lat' dir='ltr'><strong>et</strong></span> <span class='ocrx_word' id='word_1_299' title='bbox 1058 4031 1109 4094; x_wconf 89' lang='grc'><strong>13.</strong></span> <span class='ocrx_word' id='word_1_300' title='bbox 1127 4028 1247 4118; x_wconf 87' lang='lat' dir='ltr'><strong>optime</strong></span> <span class='ocrx_word' id='word_1_301' title='bbox 1261 4040 1419 4098; x_wconf 77' lang='lat' dir='ltr'><strong>serratum</strong></span> <span class='ocrx_word' id='word_1_302' title='bbox 1435 4039 1490 4096; x_wconf 84' lang='lat' dir='ltr'><strong>est.</strong></span> <span class='ocrx_word' id='word_1_303' title='bbox 1502 4029 1615 4098; x_wconf 85' lang='lat' dir='ltr'><strong>Finem</strong></span> 
     </span>
     <span class='ocr_line' id='line_1_34' title="bbox 443 4120 1616 4224; baseline 0.001 -25"><span class='ocrx_word' id='word_1_304' title='bbox 443 4128 559 4200; x_wconf 80' lang='lat' dir='ltr'><strong>focium</strong></span> <span class='ocrx_word' id='word_1_305' title='bbox 588 4130 622 4195; x_wconf 88' lang='lat' dir='ltr'><strong><em>in</em></strong></span> <span class='ocrx_word' id='word_1_306' title='bbox 653 4128 727 4193; x_wconf 89' lang='lat' dir='ltr'><strong>loeo</strong></span> <span class='ocrx_word' id='word_1_307' title='bbox 760 4120 932 4198; x_wconf 76' lang='lat' dir='ltr'><strong>riiiiculum</strong></span> <span class='ocrx_word' id='word_1_308' title='bbox 961 4133 996 4198; x_wconf 86' lang='lat' dir='ltr'><strong><em>iu</em></strong></span> <span class='ocrx_word' id='word_1_309' title='bbox 1023 4132 1155 4200; x_wconf 85' lang='lat' dir='ltr'><strong>modum</strong></span> <span class='ocrx_word' id='word_1_310' title='bbox 1184 4146 1334 4224; x_wconf 84' lang='lat' dir='ltr'><strong>corrupto</strong></span> <span class='ocrx_word' id='word_1_311' title='bbox 1362 4134 1419 4202; x_wconf 88' lang='lat' dir='ltr'><strong><em>ubi</em></strong></span> <span class='ocrx_word' id='word_1_312' title='bbox 1451 4136 1504 4202; x_wconf 90' lang='grc' dir='ltr'><strong><em>ε’πί</em></strong></span> <span class='ocrx_word' id='word_1_313' title='bbox 1531 4133 1616 4200; x_wconf 78' lang='lat' dir='ltr'><strong>mole</strong></span> 
     </span>
     <span class='ocr_line' id='line_1_35' title="bbox 438 4232 1608 4329; baseline 0.002 -25"><span class='ocrx_word' id='word_1_314' title='bbox 438 4237 565 4329; x_wconf 87' lang='lat' dir='ltr'><strong>irrepsit</strong></span> <span class='ocrx_word' id='word_1_315' title='bbox 581 4235 606 4301; x_wconf 88' lang='lat' dir='ltr'><strong><em>I.</em></strong></span> <span class='ocrx_word' id='word_1_316' title='bbox 625 4253 682 4304; x_wconf 70' lang='grc' dir='ltr'><strong><em>ιιι.</em></strong></span> <span class='ocrx_word' id='word_1_317' title='bbox 700 4238 752 4300; x_wconf 90' lang='grc'><strong>32.</strong></span> <span class='ocrx_word' id='word_1_318' title='bbox 771 4232 815 4308; x_wconf 87' lang='grc' dir='ltr'><strong><em>είς</em></strong></span> <span class='ocrx_word' id='word_1_319' title='bbox 837 4243 896 4301; x_wconf 82' lang='grc' dir='ltr'><strong><em>πῶν</em></strong></span> <span class='ocrx_word' id='word_1_320' title='bbox 919 4244 1084 4318; x_wconf 78' lang='grc' dir='ltr'><strong><em>ςραπκγῶν</em></strong></span> <span class='ocrx_word' id='word_1_321' title='bbox 1110 4240 1160 4304; x_wconf 82' lang='grc' dir='ltr'><strong><em>ἐπί</em></strong></span> <span class='ocrx_word' id='word_1_322' title='bbox 1181 4240 1362 4316; x_wconf 76' lang='grc' dir='ltr'><strong><em>καταδύσης</em></strong></span> <span class='ocrx_word' id='word_1_323' title='bbox 1386 4242 1457 4313; x_wconf 79' lang='grc' dir='ltr'><strong><em>νεὼς</em></strong></span> <span class='ocrx_word' id='word_1_324' title='bbox 1481 4243 1608 4318; x_wconf 79' lang='grc' dir='ltr'><strong><em>συίείς,</em></strong></span> 
     </span>
     <span class='ocr_line' id='line_1_36' title="bbox 444 4340 1619 4436; baseline 0.001 -24"><span class='ocrx_word' id='word_1_325' title='bbox 444 4365 585 4433; x_wconf 80' lang='lat' dir='ltr'><strong>nemque</strong></span> <span class='ocrx_word' id='word_1_326' title='bbox 608 4342 662 4406; x_wconf 84' lang='grc' dir='ltr'><strong><em>ἐπί</em></strong></span> <span class='ocrx_word' id='word_1_327' title='bbox 680 4362 755 4406; x_wconf 88' lang='lat' dir='ltr'><strong><em>com</em></strong></span> <span class='ocrx_word' id='word_1_328' title='bbox 775 4341 877 4406; x_wconf 82' lang='lat' dir='ltr'><strong>salute</strong></span> <span class='ocrx_word' id='word_1_329' title='bbox 898 4340 1037 4412; x_wconf 81' lang='lat' dir='ltr'><strong>hominis</strong></span> <span class='ocrx_word' id='word_1_330' title='bbox 1061 4343 1226 4410; x_wconf 81' lang='lat' dir='ltr'><strong>conciliari</strong></span> <span class='ocrx_word' id='word_1_331' title='bbox 1241 4367 1305 4410; x_wconf 89' lang='lat' dir='ltr'><strong><em>non</em></strong></span> <span class='ocrx_word' id='word_1_332' title='bbox 1325 4357 1453 4435; x_wconf 86' lang='lat' dir='ltr'><strong>potest,</strong></span> <span class='ocrx_word' id='word_1_333' title='bbox 1478 4347 1534 4436; x_wconf 88' lang='lat' dir='ltr'><strong><em>qui</em></strong></span> <span class='ocrx_word' id='word_1_334' title='bbox 1553 4348 1619 4413; x_wconf 73' lang='grc' dir='ltr'><strong><em>ἀπὸ</em></strong></span> 
     </span>
     <span class='ocr_line' id='line_1_37' title="bbox 441 4446 1617 4536; baseline -0.001 -18"><span class='ocrx_word' id='word_1_335' title='bbox 441 4448 623 4523; x_wconf 74' lang='grc' dir='ltr'><strong><em>καταδύσης</em></strong></span> <span class='ocrx_word' id='word_1_336' title='bbox 644 4447 715 4519; x_wconf 83' lang='grc' dir='ltr'><strong><em>νεοίς</em></strong></span> <span class='ocrx_word' id='word_1_337' title='bbox 746 4446 862 4513; x_wconf 77' lang='lat' dir='ltr'><strong>serrari</strong></span> <span class='ocrx_word' id='word_1_338' title='bbox 886 4446 1009 4536; x_wconf 85' lang='lat' dir='ltr'><strong>potuit,</strong></span> <span class='ocrx_word' id='word_1_339' title='bbox 1037 4447 1088 4516; x_wconf 78' lang='grc' dir='ltr'><strong><em>ἐπὶ</em></strong></span> <span class='ocrx_word' id='word_1_340' title='bbox 1113 4450 1294 4528; x_wconf 74' lang='grc' dir='ltr'><strong><em>καταδύσης</em></strong></span> <span class='ocrx_word' id='word_1_341' title='bbox 1319 4453 1389 4526; x_wconf 78' lang='grc' dir='ltr'><strong><em>νεώς</em></strong></span> <span class='ocrx_word' id='word_1_342' title='bbox 1416 4474 1530 4520; x_wconf 79' lang='lat' dir='ltr'><strong>uocem</strong></span> <span class='ocrx_word' id='word_1_343' title='bbox 1548 4475 1617 4520; x_wconf 81' lang='lat' dir='ltr'><strong><em>non</em></strong></span> 
     </span>
     <span class='ocr_line' id='line_1_38' title="bbox 439 4555 1609 4649; baseline -0.005 -26"><span class='ocrx_word' id='word_1_344' title='bbox 439 4557 546 4649; x_wconf 83' lang='lat' dir='ltr'><strong>potuit</strong></span> <span class='ocrx_word' id='word_1_345' title='bbox 569 4555 726 4644; x_wconf 24' lang='lat' dir='ltr'><strong>effugere..</strong></span> <span class='ocrx_word' id='word_1_346' title='bbox 1605 4573 1609 4580; x_wconf 93' lang='lat'><em>·</em></span> 
     </span>
     <span class='ocr_line' id='line_1_39' title="bbox 444 4659 1620 4753; baseline 0.002 -23"><span class='ocrx_word' id='word_1_347' title='bbox 444 4723 448 4730; x_wconf 95' lang='lat'><strong>.</strong></span> <span class='ocrx_word' id='word_1_348' title='bbox 494 4661 600 4732; x_wconf 77' lang='lat' dir='ltr'><strong>Habet</strong></span> <span class='ocrx_word' id='word_1_349' title='bbox 621 4660 685 4734; x_wconf 82' lang='lat' dir='ltr'><strong><em>hoo</em></strong></span> <span class='ocrx_word' id='word_1_350' title='bbox 709 4659 845 4750; x_wconf 69' lang='lat' dir='ltr'><strong>diligens</strong></span> <span class='ocrx_word' id='word_1_351' title='bbox 864 4660 1043 4734; x_wconf 76' lang='lat' dir='ltr'><strong>obrerrrtio</strong></span> <span class='ocrx_word' id='word_1_352' title='bbox 1063 4663 1273 4743; x_wconf 74' lang='lat' dir='ltr'><strong>mendorum,</strong></span> <span class='ocrx_word' id='word_1_353' title='bbox 1298 4685 1381 4753; x_wconf 76' lang='lat' dir='ltr'><strong>qure</strong></span> <span class='ocrx_word' id='word_1_354' title='bbox 1400 4664 1524 4736; x_wconf 66' lang='lat' dir='ltr'><strong>turarii</strong></span> <span class='ocrx_word' id='word_1_355' title='bbox 1541 4665 1620 4732; x_wconf 79' lang='lat' dir='ltr'><strong>itm-</strong></span> 
     </span>
    </p>
   </div>
   <div class='ocr_carea' id='block_1_3' title="bbox 0 0 1888 5717">
    <p class='ocr_par' dir='ltr' id='par_1_4' title="bbox 0 0 1888 5717">
     <span class='ocr_line' id='line_1_40' title="bbox 0 0 1888 5717; baseline 0 0"><span class='ocrx_word' id='word_1_356' title='bbox 0 0 1888 5717; x_wconf 95' lang='lat' dir='ltr'><strong><em> </em></strong></span> 
     </span>
    </p>
   </div>
  </div>
 </body>
</html>
