3767 5717
962 557 1029 634 258

402 791 469 862 que
490 767 635 835 locorum
653 763 904 858 permiscentur,
934 770 970 827 ut
988 757 1052 826 hoc
1074 760 1143 852 ipso
1162 759 1236 826 loco
1255 761 1416 841 ἐπιτάξας
1440 785 1478 831 er
1501 763 1583 834 (lod.

404 886 436 941 A
464 875 602 940 affertur.
627 874 645 958 ς
675 875 730 938 20.
749 867 951 957 παρννύμιρσε
970 865 1057 956 quod
1077 866 1256 932 Brrrrsus
1277 853 1394 933 retinel
1410 867 1582 938 barbarum

404 992 452 1046 cst
472 1003 531 1071 pro
551 975 763 1060 παρενόμησεν
793 972 879 1038 idem
899 971 1015 1038 sitium
1041 982 1074 1036 et
1092 971 1172 1037 alibi
1193 973 1375 1039 tollendum
1397 987 1429 1041 et
1446 999 1464 1042 e
1481 975 1583 1044 Lustt
1614 1003 1618 1006 ·

404 1084 462 1151 lll.
485 1090 537 1151 17.
558 1088 693 1148 τοιαῦτα
716 1079 922 1161 παρννύμουν.
948 1080 966 1163 §
986 1081 1038 1142 23.
1059 1077 1110 1142 ἐπὶ
1135 1078 1170 1142 τὸ
1193 1078 1256 1142 νέον
1275 1077 1446 1155 ἐπτόηται,
1472 1081 1584 1149 Pisto

403 1210 531 1283 semper
558 1188 628 1271 περί
649 1212 680 1253 τι
705 1188 873 1261 ἐπτοῆσθαι
897 1184 1009 1250 scribit
1035 1195 1068 1248 et
1089 1183 1157 1265 περῖ
1178 1185 1213 1249 τὸ
1238 1169 1301 1248 νεόὖ
1325 1185 1427 1250 verius
1448 1184 1584 1254 ridetur.

403 1300 422 1383 §
453 1302 505 1363 26.
535 1292 784 1375 ὐπανδρωύἑντες
819 1291 978 1356 sententia
1012 1288 1154 1380 postulat
1180 1290 1443 1370 Ιοὶπανδρωύέντος.
1479 1293 1496 1377 §
1527 1295 1582 1360 36.

402 1407 550 1485 πειροῖσαι
579 1398 682 1465 scribe
708 1396 873 1476 τειρύσαι,
900 1395 1050 1463 Graeculi
1069 1392 1223 1476 πειροέζειν
1248 1393 1398 1460 dicebant
1425 1419 1485 1487 pru
1513 1393 1583 1462 πει-

402 1510 513 1593 ροῖσύοιι
544 1516 579 1570 ut
606 1514 653 1569 est
679 1501 714 1566 iu
743 1503 761 1586 §
792 1503 845 1565 26.
874 1499 1077 1582 πεπειρακύσι
1103 1520 1163 1589 pro
1190 1500 1441 1579 πεπειραμένοις.
1486 1504 1582 1587 338.

401 1614 452 1681 ἵνα
480 1616 545 1684 πῶς
570 1609 724 1688 μείνωμεν
752 1603 912 1686 ὐνύρωποι.
949 1603 1060 1670 Scribe
1082 1601 1154 1670 εἶτα
1175 1608 1251 1674 πῶς.
1277 1605 1295 1688 §
1320 1605 1372 1671 41.
1393 1616 1580 1681 πολυτελεῖς

401 1720 434 1785 δὲ
465 1722 525 1782 τῶν
560 1712 701 1792 αὐχένων
733 1706 817 1791 ὅρμοι
849 1712 1030 1784 καθεῖνται,
1065 1708 1180 1799 supple
1213 1711 1239 1774 δ’
1271 1711 1306 1773 ἐκ
1332 1714 1392 1774 τῶν
1426 1711 1580 1790 αὐχένων.

402 1827 422 1910 §
444 1826 496 1887 42.
514 1816 726 1898 ἑτερόχρωτας
751 1811 862 1885 ὕπνους
887 1814 1020 1879 dr’vcrst'
1038 1818 1160 1882 coluris
1178 1836 1309 1879 sumnus
1329 1813 1582 1905 interpretantur

402 1949 486 1995 esse:
525 1922 671 1990 ridicule.
718 1918 916 1986 luctuuuou
949 1921 1031 1986 feret
1064 1943 1158 2011 opem
1190 1918 1216 1986 l.
1244 1924 1277 1986 3.
1306 1920 1369 1992 ἐνὸς
1395 1925 1453 1984 τῶν
1478 1921 1509 1984 ἐν
1536 1929 1578 2004 τῇ

392 2031 531 2113 ,Ποικῖλρ
552 2024 770 2107 διατριβόντων
794 2025 988 2101 οὐνυποδύτου
1011 2026 1064 2091 καὶ
1091 2025 1291 2107 ε’νερύχρωτος
1314 2023 1398 2090 uude
1416 2023 1582 2105 ε’νερύχρω-

400 2162 461 2211 τας
487 2132 678 2225 scripserim.
698 2133 716 2216 §
740 2134 794 2196 47.
814 2153 853 2196 ex
873 2131 1040 2198 Euutrtnu
1058 2131 1164 2222 recipe
1182 2153 1268 2196 ueras
1282 2131 1437 2198 lectiones
1453 2130 1582 2210 οὐπέψνρ,

401 2242 550 2317 εὐπήνους
581 2235 685 2319 ὐΦοὶς,
716 2246 750 2300 et
774 2236 897 2316 πέμψει
924 2237 988 2319 γοῖρ
1008 2239 1138 2320 Ἄργος.
1163 2240 1180 2322 §
1205 2241 1258 2304 50.
1280 2239 1445 2319 παρήκουσε
1466 2235 1580 2302 metius

400 2344 587 2426 παρείκατε.
631 2343 649 2424 §
679 2345 732 2408 53.
755 2340 847 2405 Ικατύι
880 2342 933 2406 τύν
964 2344 1097 2422 κωμικὸν
1137 2345 1214 2408 αὐτὸ
1244 2343 1415 2421 ἐπάταξεν.
1440 2354 1495 2407 aut
1521 2364 1580 2432 ego

403 2448 610 2516 vehementer
629 2445 727 2511 fallor
750 2456 806 2510 aut
826 2445 933 2525 iocus,
957 2469 1053 2537 quern
1073 2446 1194 2512 librarii
1213 2447 1520 2537 pessumdederunt,
1543 2470 1581 2514 er

314 2637 317 2644 .
403 2554 638 2621 Auctoratus
660 2563 783 2618 sumtus
802 2563 850 2618 est
873 2564 904 2618 et
924 2575 962 2619 ex
982 2576 1020 2618 eo
1039 2553 1164 2619 restitui
1180 2565 1296 2644 potest.
1331 2555 1377 2621 Ex
1396 2555 1581 2645 Equitibur

402 2683 448 2727 rs.
477 2663 563 2725 1130
587 2658 718 2749 legerim
743 2658 822 2740 ὐρας
847 2658 1020 2738 ἕπούταξεν.
1075 2687 1086 2706 ·

449 2765 488 2831 lu
506 2764 720 2855 Imaginibus
737 2767 796 2843 39,
820 2765 871 2830 11.
892 2763 1043 2838 τοιαύτας
1067 2764 1190 2838 πολλοῖς
1216 2765 1290 2832 ἰδεῖν
1315 2761 1431 2842 ἔνετιν,
1459 2765 1581 2856 corrige

309 2878 312 2884 '
401 2871 477 2942 ἔςιν.
509 2875 527 2957 §
563 2876 614 2938 12.
638 2870 742 2936 scribe
773 2871 859 2951 αὐτῷ
888 2869 931 2950 τῷ
961 2869 1078 2952 μέτρῳ,
1103 2870 1207 2954 φασὶ,
1241 2870 1294 2934 κοιῖ
1320 2872 1424 2946 λιύιον,
1450 2872 1581 2938 δύνασαι

401 2964 482 3058 γάρ,
507 2997 591 3065 quae
614 2987 719 3042 sumta
743 2985 817 3040 suut
841 2995 879 3039 ex
903 2972 1052 3039 Hustono

627 3080 717 3159 αὐτῷ,
736 3079 779 3158 τῷ
803 3078 906 3159 μέτρῳ
930 3078 983 3142 καὶ
1009 3079 1116 3152 λώιον,
1142 3076 1212 3142 αἴκε
1237 3076 1354 3172 δύνναι.

400 3183 480 3270 lu§
506 3187 558 3250 16.
576 3183 677 3249 ὐπύσα
702 3189 904 3266 συγγραφεῖς
930 3184 1107 3264 ῖςυρύκασνν
1130 3183 1147 3259 ἢ
1167 3183 1336 3264 φιλόσοφοι
1358 3183 1579 3268 παρννέκασιν.

400 3290 440 3357 In
464 3289 565 3356 codd.
585 3302 632 3356 est
660 3289 833 3356 tralaticius
860 3312 949 3357 error
967 3289 1202 3371 παρννέγκασι,
1225 3289 1482 3382 quodquoniam
1502 3291 1580 3357 bar·

400 3397 514 3463 barum
533 3409 616 3464 esset
630 3397 664 3462 iu
677 3396 756 3463 cod.
768 3396 804 3463 Α.
825 3397 1063 3479 παρννέγκαντο
1079 3397 1270 3487 rescriptum
1289 3389 1347 3464 est'.
1368 3397 1478 3477 Vides,
1497 3397 1580 3464 nihil

400 3503 489 3568 aliud
517 3516 676 3594 quaerunt
701 3503 754 3569 isti
774 3526 871 3595 quam
894 3502 1086 3569 vocabulum
1109 3503 1241 3593 aliquod
1264 3504 1440 3584 Graecum,
1460 3525 1580 3572 coure-

399 3609 511 3674 niatne
528 3609 704 3676 sententiae
725 3631 825 3675 necue
846 3631 887 3673 ue
906 3609 1049 3698 cogitant
1067 3607 1212 3698 quidem:
1233 3610 1329 3692 ᾔνεκα
1349 3621 1381 3675 et
1402 3611 1578 3701 composita

400 3737 494 3806 saepe
519 3716 553 3780 iu
583 3716 723 3793 ἤνεγκα,
755 3715 939 3791 ε’πύνεγκα,
965 3714 1152 3794 παρήνεγκα
1182 3713 1313 3778 transire
1339 3714 1464 3794 solent,
1488 3729 1524 3782 ut
1544 3717 1579 3784 iu

396 3818 586 3908 lsocltrnsb
603 3820 795 3886 Panathen.
825 3824 843 3906 §
871 3821 948 3884 207.
978 3817 1137 3900 ε’πρνεκύτι
1166 3829 1198 3883 et
1227 3820 1412 3898 ἐπνιεγκύτι
1444 3823 1578 3888 confusa

401 3937 476 3991 sunt
496 3937 528 3991 et
548 3930 566 4013 §
584 3927 663 3990 261.
683 3925 837 4007 ἐπῄνεκας
858 3933 891 3988 et
911 3924 1083 4006 ἐπῄνεσας,
1106 3932 1138 3987 et
1158 3923 1269 3989 multis
1290 3924 1359 3990 aliis
1379 3925 1470 3996 locis.
1494 3928 1580 3996 llius

403 4095 634 4110 -ffl

400 4193 449 4238 tur.
483 4183 581 4234 Eadem
605 4183 637 4233 de
661 4197 736 4232 causa
760 4199 797 4245 αχ
815 4186 840 4230 et
864 4199 896 4246 εχ
915 4187 940 4230 et
959 4199 993 4244 ιιγ
1012 4187 1037 4230 at
1056 4199 1087 4244 εγ
1111 4180 1137 4231 in
1160 4180 1239 4232 Codri.
1262 4183 1309 4232 vix
1325 4191 1429 4248 possunt
1446 4186 1576 4251 distingui.

400 4271 512 4323 Librarii
527 4268 572 4334 qui
589 4283 641 4318 nou
659 4267 805 4330 intelligunt
820 4267 889 4330 quod
903 4266 1015 4315 scribunt
1032 4265 1060 4315 iu
1078 4267 1119 4315 his
1136 4267 1168 4317 de
1185 4283 1256 4318 more
1273 4269 1372 4320 ludunt.
1407 4269 1579 4321 In'Lucrrrto

400 4363 427 4408 4.
444 4356 458 4421 §
475 4363 500 4408 ³.
524 4371 569 4420 pru
586 4356 697 4421 ἐτάχθη
718 4355 746 4404 iu
763 4353 858 4417 optimu
874 4352 902 4401 A
919 4359 957 4402 est
974 4353 1089 4418 ἐτέχθη.
1123 4353 1157 4404 Ιιι
1180 4355 1318 4406 mensure
1335 4351 1483 4406 Archidamo
1502 4358 1517 4420 ς
1534 4361 1579 4408 39.
1664 4393 1666 4397 -

400 4443 448 4511 ἐὰν
465 4444 616 4507 ποιήσωμεν
629 4443 664 4490 τὰ
684 4437 850 4497 κελευόμενα
869 4436 994 4497 βεβαὶοις
1008 4437 1065 4502 ἤδη
1083 4441 1134 4503 τὴν
1151 4441 1261 4507 εἰρήνην
1275 4438 1389 4502 ἄξομεν,
1416 4442 1483 4493 mule
1505 4442 1579 4490 Bez-

401 4542 458 4578 rutu
475 4522 569 4586 ἕξομεν
586 4525 690 4584 abiecit,
707 4531 735 4572 ut
752 4519 850 4582 ἄξομεν
868 4536 902 4571 ex
923 4519 1040 4570 Urbinute
1057 4524 1191 4588 reciperet,
1209 4539 1269 4574 num
1286 4526 1414 4576 sententis
1430 4525 1480 4576 loci
1496 4534 1579 4589 postu·

400 4619 439 4678 lut
455 4619 545 4660 certum
558 4625 644 4677 pacem
661 4607 807 4668 iubebimus,
824 4613 892 4656 certa
909 4605 974 4656 uobis
985 4623 1041 4674 pax
1054 4605 1109 4659 crit.
1145 4607 1241 4662 Contra
1257 4609 1284 4662 iu
1301 4608 1386 4662 Lrsu
1403 4610 1537 4664 XXVIII·
1554 4611 1578 4660 7.

400 4696 520 4763 ἡσυχίαν
535 4695 603 4766 πρὸς
619 4692 733 4752 τούτους
749 4685 834 4755 ἕξειν,
851 4705 940 4744 verum
957 4698 994 4744 ott
1011 4688 1094 4750 ἄξειν.
