3767 5717
993 607 1034 671 96

410 801 520 850 rerum
546 789 579 849 et
608 782 765 851 sermonis
794 782 984 869 peritissimi
1017 800 1056 848 ex
1089 777 1237 848 absurdis
1266 783 1437 870 scripturis
1469 786 1602 854 eliciant

411 909 514 956 veras.
538 888 600 970 Qui
620 887 825 956 librariorum
844 888 1071 960 auctoritatem
1096 897 1128 953 et
1152 886 1247 971 iidem
1271 889 1395 956 oritiois
1415 901 1601 978 opponunt,

413 994 584 1062 defendant
617 1002 650 1059 et
674 1002 828 1061 tueantur
858 1017 984 1088 συοτοοσον
1012 995 1075 1072 yde
1103 1012 1161 1079 pru
1195 992 1368 1074 ἔγκσοοσον,
1395 999 1520 1063 σοθολον
1544 1019 1604 1086 pro

413 1100 558 1178 πόθοδον,
582 1123 736 1182 ποορωτοοσ
761 1121 818 1195 pro
839 1090 990 1183 σοοθτοος,
1013 1096 1186 1164 defendant
1209 1099 1307 1166 iidem
1328 1103 1602 1184 συμπνευσόντων,

413 1206 498 1293 quod
520 1207 554 1271 in
571 1205 685 1274 iisdem
708 1205 800 1271 libris
823 1214 892 1283 cst,
914 1225 972 1292 pro
996 1202 1273 1283 συμπνευσάντων,
1297 1214 1353 1271 aut
1377 1207 1404 1270 si
1428 1207 1461 1272 id
1484 1227 1502 1272 a
1527 1229 1605 1276 sano

413 1321 533 1398 negant
563 1312 633 1380 lieri
658 1300 771 1398 posse,>
809 1331 910 1398 aequo
939 1309 1047 1377 animo
1077 1309 1243 1394 patiantur
1265 1309 1451 1378 manifestos
1479 1333 1605 1382 errores

419 1417 572 1483 adversus
595 1418 739 1484 omnium
760 1405 926 1482 'librorum
957 1413 1088 1481 dubiam
1119 1421 1151 1480 et
1187 1413 1339 1482 Punicam
1358 1415 1453 1482 fidem
1485 1419 1604 1505 ubique

416 1521 485 1587 tolli
507 1530 540 1589 et
560 1521 744 1600 emendari,
766 1531 799 1588 et
828 1521 1010 1607 intelligant
1031 1519 1189 1607 denique,
1213 1519 1285 1607 plus
1312 1539 1381 1587 esse
1400 1524 1552 1608 praesidii
1570 1525 1604 1590 in

416 1628 514 1694 unius
534 1628 621 1694 acuti
646 1636 678 1693 ct
701 1628 859 1712 ingeniosi
889 1627 996 1694 critici
1019 1645 1096 1692 sano
1119 1624 1242 1692 iudicio
1268 1627 1432 1713 solidaque
1455 1628 1602 1696 doctrina

419 1753 518 1820 quam
536 1734 569 1798 iu
588 1733 715 1798 acerris
738 1731 895 1799 ecdicum·
910 1732 955 1800 ab.
974 1731 1112 1800 indoctis
1134 1738 1167 1798 et
1190 1730 1314 1800 stolidis
1337 1732 1582 1820 descriptorum.

463 1839 489 1903 Ε
509 1837 701 1903 diverticulo
725 1838 758 1902 in
783 1839 869 1904 viam
893 1836 988 1918 redeo
1008 1835 1047 1902 ad
1072 1835 1151 1904 illud
1171 1836 1255 1922 quod
1274 1836 1440 1914 dicebam,
1464 1841 1603 1925 partiou-

385 2019 388 2022 .
418 1943 484 2010 lam
514 1941 554 2009 θον
578 1942 632 2008 ubi
656 1942 761 2010 verbis
792 1942 919 2024 νομίζω,
954 1944 1048 2019 δοκῶ,
1081 1937 1189 2028 οἷμον,
1225 1946 1379 2024 dyodecade,
1410 1945 1524 2026 ἕλσθζω
1548 1952 1604 2012 aut

417 2046 577 2116 simi-libus
599 2047 797 2114 infinitivum
820 2047 1012 2115 habentibus
1036 2033 1149 2112 addita
1168 2033 1216 2115 est
1244 2049 1283 2114 ad
1312 2049 1506 2116 infinitivum
1527 2051 1604 2117 rel·

418 2154 552 2222 rendam
568 2173 657 2220 esse:
679 2153 831 2222 vitiosum
855 2162 904 2219 est
929 2154 1029 2239 igitur
1053 2155 1114 2236 49,
1142 2156 1196 2222 17.
1222 2153 1282 2234 ἐγὼ
1305 2155 1362 2235 μὲν
1382 2157 1455 2235 ὑμῖν
1476 2155 1602 2237 decade

420 2262 491 2335 τοὺς
526 2259 655 2339 νόμους,
684 2256 759 2332 οἵους
792 2257 838 2324 θον
869 2257 954 2342 ᾤμην
978 2257 1241 2341 ὠφελιμωτάτους
1271 2257 1392 2327 ἔσεσθον
1425 2271 1464 2346 τῇ
1492 2261 1599 2348 πόλει,

419 2368 495 2453 quia
518 2364 639 2432 ἔσεσθον
658 2363 698 2430 ἄν
717 2363 783 2429 dici
806 2383 869 2429 uon
892 2373 997 2450 potest
1021 2371 1054 2430 et
1075 2364 1116 2432 dv
1139 2365 1397 2452 expungendum.

381 2554 385 2561 ι
463 2471 616 2548 bibrarfi,
639 2471 694 2563 qui
713 2477 780 2535 tam
803 2468 917 2536 sedulo
935 2471 1063 2536 aoristis
1085 2485 1160 2538 oum
1183 2469 1223 2536 θν
1240 2470 1420 2541 coniunctis
1432 2469 1599 2536 substitue·

417 2577 497 2644 bant
519 2574 644 2653 lutura,
665 2582 778 2642 contra
797 2574 938 2642 assolent
962 2574 1083 2644 futuris
1100 2577 1296 2645 substituere
1319 2577 1454 2642 aoristos
1476 2578 1605 2643 coniun-

420 2684 580 2769 utivipost
597 2681 856 2747 coniunctionem
877 2677 959 2763 ὅπως
973 2690 1005 2751 ot
1028 2685 1085 2762 ὡς,
1109 2702 1190 2769 quac
1214 2680 1300 2769 apud
1323 2683 1517 2748 recentiores
1542 2703 1606 2748 soe·

420 2790 552 2877 pissime
572 2807 629 2875 pro
651 2784 732 2861 θσωο
757 2793 942 2872 usurpatur.
974 2785 1033 2854 llst
1053 2787 1112 2855 hoc
1136 2788 1251 2856 uitium
1278 2787 1310 2851 in
1331 2789 1442 2874 paucis
1462 2787 1608 2874 frequen·

330 2911 333 2916 ·
419 2896 583 2961 tissimum
616 2893 701 2979 apud
725 2913 844 2966 omnes,
867 2893 900 2956 in
931 2890 1206 2968 tensendum,
1236 2892 1334 2957 etiam
1364 2893 1609 2972 vetustissimis,

420 3000 477 3067 sed
500 3000 618 3064 crescit
641 2999 732 3082 eopia
753 3005 789 3060 ut
821 2997 958 3083 quisque
989 2995 1140 3064 liberast
1164 2997 1343 3063 recentior:
1369 2999 1400 3063 in
1430 2999 1610 3064 recentissi-

423 3105 486 3173 mis
513 3102 580 3170 lere
604 3110 794 3188 perpetuum
822 3109 881 3167 est.
929 3100 1015 3166 Nihil
1040 3110 1108 3180 est,
1133 3101 1216 3190 quod
1248 3100 1478 3168 homunciones
1502 3103 1541 3168 ab
1572 3124 1609 3169 eo

420 3227 530 3276 errore
558 3206 720 3273 retrahat:
759 3205 907 3291 iugulant
942 3209 1289 3284 metrumsimmaues
1325 3207 1538 3274 barbarismos
1562 3229 1609 3275 se·

423 3315 496 3381 ouri
511 3313 719 3378 committunt
746 3307 843 3398 idque
862 3330 901 3378 eo
916 3311 1044 3378 facilius
1067 3309 1144 3399 quia
1168 3331 1231 3378 una
1255 3319 1383 3378 tantum
1414 3312 1532 3379 vocalis
1556 3317 1613 3382 out

423 3419 642 3507 diphthongus
676 3416 850 3484 discrimen
893 3417 954 3485 bou
996 3416 1082 3487 lacit.
1136 3418 1172 3487 lu
1209 3419 1431 3506 dntsrornuurs
1472 3417 1613 3484 Nubibus

421 3545 469 3592 vs.
488 3529 568 3592 258:
726 3529 728 3532 ⁴

604 3627 703 3713 θθσσερ
726 3652 769 3710 με
790 3630 845 3696 adr
865 3629 1043 3709 Ἀθοθμοονθ
1063 3628 1144 3706 dacore
1166 3631 1212 3710 aab
1234 3629 1353 3696 θθοοσε.

423 3734 498 3804 libri
527 3736 649 3824 scripti
673 3755 784 3802 omnes
814 3754 887 3802 cum
923 3735 1417 3823 praestantissimis*decennale
1438 3745 1470 3802 et
1502 3732 1625 3802 Vmcto*

424 3852 553 3910 serrant
578 3840 716 3918 ddcnrs,
749 3840 835 3928 quod
867 3862 981 3919 uerno,
1007 3861 1119 3928 spero,
1144 3843 1289 3929 recipiet.
1336 3841 1426 3907 Pleni
1452 3851 1531 3908 sunt
1552 3833 1624 3911 hu?

427 3945 740 4014 iusmodierrorum
762 3931 870 4010 omnes
894 3946 1046 4012 Veterum
1071 3945 1164 4022 libriss
1190 3955 1221 4012 et
1246 3949 1301 4034 qui
1329 3947 1412 4014 volet
1433 3947 1516 4012 unde
1531 3947 1612 4013 nolet

426 4069 578 4138 magnam
602 4051 726 4138 copiam
750 4048 898 4134 colliget,
923 4067 987 4136 qua
1010 4052 1129 4137 optime
1157 4053 1328 4120 ulaturad
1353 4054 1470 4122 similia
1497 4053 1629 4119 ruenda:
1741 4065 1742 4080 ³

425 4157 558 4226 aliunde
584 4155 728 4224 eluenda.
776 4155 941 4221 Tenentur
965 4157 998 4220 in
1023 4156 1190 4223 manifesta
1213 4157 1325 4224 iraude
1346 4159 1610 4246 interpolatores.

431 4263 486 4332 ubi
503 4261 656 4331 loturum.
669 4270 704 4335 et,
720 4262 862 4334 aoristus
883 4281 1025 4336 nonnula
1041 4261 1144 4331 vocali
1159 4263 1215 4339 sed
1235 4273 1301 4334 tota
1320 4263 1422 4347 lornaa
1442 4263 1611 4342 dideruut3

427 4375 461 4436 at
481 4367 527 4433 illi
544 4369 714 4460 antiquum
738 4368 883 4433 obtinent
902 4374 1095 4454 mutantque
1114 4371 1393 4450 terminationem
1411 4371 1496 4438 unde
1509 4373 1614 4437 nasoi·

427 4482 484 4543 tur
513 4472 809 4565 merabarbaries.v
834 4470 934 4540 'Dabo
960 4491 1062 4561 pauca
1093 4476 1247 4564 exempla.
1296 4477 1382 4545 Sron.
1408 4477 1520 4546 Floril.
1547 4481 1611 4553 19,

430 4587 482 4648 16.
506 4575 586 4655 droa
609 4577 831 4669 auaritiam,
854 4585 915 4660 18,
929 4585 981 4648 38.
994 4578 1074 4657 θσως
1098 4577 1478 4666 transemundum„
1504 4579 1540 4648 V.
1556 4583 1609 4650 25.

429 4685 519 4753 codd.
547 4683 620 4762 θκως
650 4685 821 4767 drideret,
857 4687 914 4756 Ino
937 4688 1049 4760 Cunus
1077 4693 1107 4755 8.
1133 4708 1165 4774 p.
1190 4693 1261 4764 156.
1287 4687 1366 4764 θυνος
1391 4692 1436 4770 μὲν
1459 4689 1622 4766 θσωνσοω,
