3767 5717
883 604 948 669 tat
996 634 1000 639 ⁷

367 794 405 863 111
431 795 516 863 libro
534 796 576 863 de
597 796 778 883 sacrifieiis
803 798 862 876 13,
886 806 917 865 t.
941 799 956 863 ὁ
982 798 1058 872 Ζεὺς
1079 801 1215 875 κλαπεὶς
1239 804 1298 868 ὑπὸ
1323 809 1379 878 πῆς
1407 801 1495 875 ‘Piso

322 904 392 993 lege
429 904 600 975 ἐκκλωπείς
638 915 669 967 11
708 902 815 968 statim
848 906 891 977 είς
920 904 964 968 πίε
992 905 1161 988 desciit-tot
1200 909 1407 989 ἐκκεχυμένος
1437 931 1496 998 pro

317 1010 501 1091 κεχυμένος.
554 1008 587 1073 {n
618 1012 636 1094 ὃ
661 1013 710 1074 12.
730 1032 788 1101 pro
812 1012 954 1091 Φιλήσκς
978 1009 1068 1087 μόνον
1087 1013 1144 1085 τὴν
1171 1014 1267 1078 αὑτοῦ
1288 1013 1412 1090 isiciis,
1436 1037 1495 1103 op·

319 1118 390 1183 timi
420 1115 547 1181 codices
573 1116 682 1187 πείσεις
704 1115 880 1193 dederuut,
904 1116 935 1179 in
957 1138 1022 1205 quo
1042 1116 1141 1189 κύσως
1162 1117 1261 1184 latere
1280 1121 1436 1211 suspicor,
1457 1132 1494 1186 ut

318 1228 381 1303 33,
408 1225 457 1286 17.
486 1223 540 1295 τὴν
569 1228 666 1300 χείρων
692 1222 845 1293 κύσωνπες
873 1223 1034 1299 institeris
1061 1223 1170 1297 ἕνπελῆ
1199 1221 1278 1289 είνων
1301 1228 1357 1300 τὴν
1383 1227 1495 1304 εὐχήν.

317 1329 351 1393 in
382 1334 399 1416 §
431 1330 482 1391 tt.
513 1324 582 1405 πρὶν
613 1324 630 1398 i
661 1327 717 1403 πρὸ
747 1327 821 1389 ἐπῶν
846 1326 970 1405 μυρίων.
1021 1326 1112 1393 Unus
1140 1327 1176 1394 t.
1204 1338 1313 1394 πλεῖον
1342 1330 1377 1405 ἤ,
1403 1329 1491 1419 quod

315 1442 491 1521 receptum.
538 1427 636 1493 Periit
667 1450 739 1495 rere
769 1429 865 1495 lectio
895 1439 988 1497 πλεῖν
1016 1431 1054 1504 i.
1080 1454 1177 1520 quam
1200 1434 1322 1499 scribae
1346 1435 1490 1500 omnium
1524 1424 1528 1429 ’

316 1539 472 1603 librorum
505 1546 570 1630 tam
606 1532 718 1599 sedulo
751 1535 920 1601 obscurare
950 1534 1053 1599 solent
1085 1547 1121 1599 ut
1149 1550 1372 1629 praeterquam
1402 1542 1489 1629 opud

316 1642 464 1709 comicos
495 1641 528 1705 in
561 1640 738 1705 Atticorum
769 1642 894 1730 seriptis
922 1663 1009 1704 untes
1038 1651 1161 1707 tautum
1188 1644 1324 1733 supersit
1348 1644 1438 1709 locus
1458 1648 1491 1711 in

313 1772 378 1814 uno
398 1747 528 1823 codice,
553 1746 609 1811 ubi
631 1746 732 1811 formu
753 1757 844 1813 πλεῖν
865 1745 1037 1811 incolumis
1053 1770 1089 1813 ex
1110 1761 1326 1815 correctorum
1341 1752 1489 1819 manibus

312 1852 418 1941 elapsu
440 1850 487 1917 sit.
511 1847 643 1935 Legitur
658 1849 690 1913 in
709 1849 1106 1917 Dauosrttuurs'oratioue
1123 1852 1165 1917 de
1182 1853 1291 1918 Falsa
1308 1855 1490 1946 legatione

313 1981 346 2049 p.
377 1960 461 2034 413,
495 1958 540 2032 2.,
560 1953 624 2017 11111
651 1954 684 2019 in
717 1955 864 2021 omnibus
892 1972 937 2023 est
966 1957 1059 2021 πλέον
1090 1957 1107 2032 ἢ
1133 1959 1257 2038 μυρίους
1277 1959 1412 2034 ὅπλίπως
1434 1974 1490 2029 aut

314 2061 441 2132 πλείους
460 2060 494 2139 i,
514 2081 595 2125 uuus
615 2060 758 2126 omnium
780 2062 919 2151 optimus
934 2064 1124 2128 Parisinus
1143 2061 1174 2129 S.
1193 2065 1328 2130 serravit
1345 2076 1437 2132 πλεῖν
1454 2070 1488 2147 ἦ,

314 2190 397 2259 quae
416 2167 481 2233 sola
504 2167 608 2233 Attica
627 2179 674 2233 est
696 2167 817 2246 dictio,
841 2180 876 2233 ut
895 2178 987 2233 πλεῖν
1006 2170 1023 2243 ἢ
1046 2167 1198 2249 τριάκονθ’
1221 2170 1338 2250 ἡμέρως
1360 2150 1486 2239 11111111

312 2279 404 2339 τοῦτο
433 2280 525 2338 πλεῖν
555 2274 572 2349 ἢ
599 2274 711 2357 μυρίων
740 2275 785 2343 ἔς’
809 2273 895 2352 ἄξων
916 2276 1056 2354 serisso
1077 2286 1110 2339 et
1132 2274 1328 2365 ubicumque
1348 2290 1487 2345 metrum

315 2377 434 2443 scribas
461 2377 640 2443 coercebat.
687 2377 724 2443 In
746 2379 849 2445 soluts
872 2379 1015 2444 cretione
1036 2380 1157 2447 formae
1176 2384 1325 2471 antiquae
1346 2383 1488 2455 indixere

315 2483 436 2547 bellum
465 2494 497 2546 et
526 2484 643 2570 ubique
672 2484 782 2561 πλέον,
813 2493 943 2557 πλεῖον,
975 2484 1119 2558 πλείους,
1144 2488 1242 2551 πλείω
1263 2488 1294 2551 11
1314 2488 1488 2556 substitue·

313 2599 407 2665 runt,
432 2598 466 2652 ut
485 2588 639 2651 sescentis
658 2589 773 2676 passim
795 2589 873 2653 locis
892 2594 984 2650 πλεῖν
1010 2586 1026 2660 ἦ
1049 2587 1089 2653 sit
1107 2589 1198 2654 nobis
1218 2591 1258 2655 ab
1279 2592 1374 2658 erilio
1394 2618 1488 2661 revo-

311 2694 464 2761 candum.
513 2692 644 2781 Signum
668 2694 795 2758 sustulit
815 2695 1019 2758 Drnnonrrus
1035 2693 1068 2758 in
1090 2693 1324 2778 Dnmsrnrss,
1343 2700 1397 2763 coi
1414 2701 1490 2766 red·

265 2850 270 2861 .
316 2800 398 2867 didit
425 2824 455 2890 p.
487 2802 570 2877 503,
599 2806 647 2867 18.
673 2809 764 2865 πλεῖν
790 2800 806 2875 ἢ
838 2796 929 2873 ins&
959 2800 1043 2876 570,
1070 2800 1121 2864 16.
1149 2808 1241 2865 πλεῖν
1267 2802 1284 2877 ἢ
1315 2803 1409 2870 πέντε
1429 2805 1489 2870 πνί·

314 2922 430 2971 λωνπνι.
461 2908 545 2983 657,
580 2908 630 2971 10.
660 2912 752 2968 πλεῖν
783 2905 799 2980 ἢ
826 2900 991 2983 spissiora
1020 2902 1171 2969 παίλανπνι
1196 2908 1277 2985 669,
1302 2911 1333 2973 6.
1359 2910 1487 2986 πλεῖνῆ

313 3010 384 3091 πρίω
410 3009 463 3085 ἔπη
490 3009 598 3095 (scrib.
621 3007 679 3089 τρί’
703 3006 774 3095 ἔπη)
800 3010 884 3084 744,
911 3008 963 3070 13.
983 3008 1013 3070 ἐν
1039 3015 1131 3073 πλεῖν
1159 3010 1175 3084 ἢ
1203 3012 1365 3084 &istoricis
1388 3010 1490 3079 ἔπεσιν

314 3119 459 3195 816,13.
479 3120 572 3179 πλεῖν
589 3113 605 3189 ἢ
623 3112 706 3175 inssi
723 3120 805 3190 μνωῖ
824 3114 905 3187 823;
917 3116 947 3175 9.
967 3119 1059 3175 πλεῖν
1078 3111 1094 3186 ἢ
1114 3116 1318 3189 πενπίκωντω.
1336 3121 1398 3185 stt
1412 3167 1421 3197 ,
1437 3122 1490 3186 15.

314 3228 408 3287 πλεῖν
431 3219 447 3295 ἢ
470 3218 556 3283 δέκα.
588 3222 689 3296 tots,
709 3222 762 3283 22.
782 3226 874 3282 πλεῖν
897 3216 913 3291 ἢ
937 3213 1048 3280 {serit
1075 3220 1176 3294 1033,
1198 3223 1246 3282 17.
1264 3230 1355 3286 πλεῖν
1372 3222 1389 3298 ἢ
1405 3222 1489 3287 πένθ’

313 3324 443 3404 ἡμέρας.
472 3326 641 3401 1036,17.
664 3324 788 3398 πλεῖνῆ
805 3321 936 3400 χνλίως,
965 3322 1127 3396 1073,27.
1146 3324 1270 3399 πλεῖνῆ
1286 3325 1392 3404 χίλνκ.
1425 3328 1489 3391 Ea·

314 3428 386 3493 dem
413 3450 507 3517 opera
529 3428 645 3493 caeteri
666 3427 829 3505 Oratores,
853 3422 1488 3516 1111111111,111111111111111111111111-
1560 3502 1564 3510 ,
1610 3455 1615 3468 ’

314 3531 412 3597 dandi
430 3545 513 3597 sunt.
538 3532 576 3596 ln
594 3533 687 3597 libris.
702 3532 780 3595 nihil
799 3552 926 3621 prorsus
942 3540 990 3593 est
1005 3531 1168 3618 praesidii:
1186 3533 1270 3620 apud
1292 3534 1488 3601 trsnosrnr-

314 3656 382 3705 111111
408 3659 517 3703 omnes
545 3651 745 3715 constanter,
772 3636 886 3725 optimi
904 3634 1051 3725 pessimi,
1070 3637 1183 3714 πλέον,
1208 3646 1336 3717 πλεῖον,
1361 3642 1488 3715 πλείους

314 3742 498 3835 praeferunt
515 3744 569 3808 ubi
582 3753 672 3809 πλεῖν
686 3743 702 3818 t
718 3754 841 3807 certum
854 3752 909 3805 est.
934 3738 1023 3803 Nihil
1037 3739 1124 3804 iurat
1135 3738 1307 3806 isocnsrts
1323 3744 1489 3827 Urbinas,

315 3861 370 3914 aut
380 3859 559 3938 pervetusta
572 3849 781 3913 Tuncrututs
792 3844 994 3935 exemplaria,
1004 3844 1242 3923 sustinens,
1252 3846 1285 3911 in
1298 3872 1362 3938 quo
1373 3849 1488 3917 imma·

316 3978 389 4019 nem
408 3953 631 4019 soloecismum
647 3952 780 4017 nimium
800 3952 959 4041 patienter
973 3950 1357 4019 tuleruutiuMenexeno
1367 3980 1397 4045 p.
1414 3960 1488 4024 235.

318 4060 354 4125 B.
383 4059 438 4124 ssi
463 4082 514 4137 μοι
544 4057 623 4133 sinn
653 4061 670 4133 ἡ
700 4057 851 4137 σεμνότης
881 4055 1055 4136 πννρκμένεν
1085 4056 1201 4137 ἡμέρας
1228 4059 1325 4122 πλείω
1351 4061 1369 4136 ἢ
1395 4071 1489 4141 τρεῖς.

318 4166 374 4230 ubi
396 4162 529 4229 mirifica
552 4162 807 4228 Srsnnnsurrrns
829 4159 987 4237 admovit,
1010 4158 1044 4221 in
1066 4157 1114 4225 his
1134 4182 1151 4224 s
1172 4159 1322 4228 llronouo
1344 4162 1489 4247 Sunio,

284 4268 566 4363 ‘praeclarissimo
594 4268 661 4333 scil.
708 4266 894 4331 Graecitatis
922 4276 1052 4330 auctore
1082 4278 1112 4331 et
1135 4278 1232 4345 teste,
1256 4271 1496 4348 νέποβεβληκὼς

314 4383 373 4443 πῶν
397 4380 573 4456 ςρωπιωπῶν
594 4374 691 4438 πλείω
712 4378 770 4437 τῶν
791 4373 921 4453 χιλίων,
948 4394 1048 4461 quum
1068 4371 1186 4437 milites
1205 4375 1349 4439 neutrius
1367 4378 1491 4463 generis

312 4504 379 4549 esse
408 4480 582 4571 incipient,
618 4490 744 4569 tempus
771 4478 831 4543 erit
858 4478 924 4543 istis
954 4475 1095 4544 eredere.
1142 4477 1328 4568 Legendum
1353 4484 1488 4559 πλεῖνῆ

314 4596 416 4670 τρεῖς,
447 4608 513 4652 non
534 4586 677 4657 πλείους,
701 4583 789 4674 quod
809 4583 842 4651 iu
866 4580 1001 4649 Codices
1019 4582 1176 4672 quosdam
1196 4584 1357 4649 invectum
1378 4596 1425 4649 est
1444 4587 1486 4651 ab

312 4690 367 4768 iis,
400 4692 456 4780 qui
486 4691 708 4759 soloecismum
740 4689 822 4757 ferre
853 4710 918 4755 non
947 4699 1088 4779 possent.
1129 4687 1183 4757 Sic
1201 4689 1235 4755 in
1258 4690 1488 4760 Xttorttourts
