3767 5717
970 588 1011 649 77

399 762 474 845 rip:
499 762 624 847 corrige
647 757 740 834 οίίποος
760 761 987 844 ἐκκεχυμένως.
1014 759 1037 852 3
1058 763 1088 824 i.
1112 767 1325 844 μουσουρχῶυε
1351 761 1415 826 imo
1438 767 1498 828 τῶν
1515 785 1589 842 μου·

395 873 530 952 σουρχθον
550 867 597 934 sic
620 875 653 933 et
676 864 700 954 3
724 871 753 931 5.
779 867 832 932 καὶ
856 866 1015 951 πρόσωπον
1039 867 1123 948 αὐτῷ
1144 866 1269 952 corrige
1291 867 1344 934 καὶ
1364 867 1400 932 πθ
1424 866 1582 951 πρόσωπον

396 975 494 1056 αὑπῷ.
519 976 585 1058 §4.
608 981 748 1048 λαλῆσαι
775 971 940 1052 ςυμθλοςε
976 980 1117 1048 λαλῆσαι
1150 979 1183 1036 et
1206 972 1355 1058 ineptum
1379 973 1513 1040 verbum
1537 981 1589 1040 est

400 1086 433 1144 et
456 1079 563 1164 inepte
587 1075 739 1142 abundat.
1079 1139 1083 1146 ,
1218 1147 1222 1160 ,

445 1183 548 1270 Epist.
568 1185 622 1247 66.
641 1182 693 1248 σὸν
705 1183 740 1247 ἐκ
764 1182 959 1265 Βρενπησίουτ
984 1179 1097 1268 supple
1117 1181 1169 1248 rol
1192 1181 1227 1247 ἐκ
1250 1181 1439 1263 Βρενπησίου.
1454 1223 1499 1236 -
1518 1185 1589 1260 ποὺς

399 1289 565 1370 χειροήθεις
585 1321 630 1335 ·-
652 1288 877 1355 τιθασεύονται
910 1285 991 1352 nihil
1014 1287 1103 1373 agit,
1128 1288 1183 1374 qui
1209 1295 1415 1354 mansuetum
1440 1309 1590 1357 mansue·

401 1392 490 1460 lacit.
525 1396 592 1478 37.
616 1392 779 1472 ἁσμένως
813 1391 946 1460 solemni
970 1411 1078 1459 errore
1101 1412 1158 1480 pro
1179 1391 1324 1472 ἄσμενος.
1348 1431 1394 1443 -
1413 1394 1464 1461 τὸν
1488 1393 1587 1480 ξυρθν.

399 1496 495 1564 Attici
516 1496 563 1564 πθ.
591 1536 638 1551 -
659 1477 831 1580 πανοῦργος
855 1499 908 1565 καί
934 1497 1062 1574 σκαιθς;
1086 1498 1118 1563 in
1153 1497 1257 1564 Attico
1286 1518 1350 1564 non
1374 1507 1478 1585 potest
1501 1499 1587 1569 idem

399 1609 571 1685 πανοῦργος
596 1611 628 1668 et
649 1602 754 1677 σκαιθς
778 1623 858 1670 esse.
876 1641 922 1653 —
945 1605 1127 1677 κακοπαθῶς
1147 1605 1294 1678 conadae:
1319 1622 1432 1670 revoca
1456 1629 1588 1686 περιπα-

400 1712 455 1783 θῶς
479 1708 609 1784 κοπῶα,
635 1715 799 1774 caeterum
819 1709 918 1775 κοπίδι
938 1707 1115 1791 οὶπορριζοῦν
1135 1706 1262 1775 facilius
1274 1707 1419 1776 rhetores
1439 1709 1588 1778 scribunt

401 1835 499 1902 quam
520 1814 591 1879 sani
615 1811 810 1898 intelligunt.

445 1919 548 2007 Epist.
571 1923 626 1986 67.
659 1917 803 2001 παρθένον
830 1916 1036 2001 καλλίπηχυν
1063 1918 1116 1986 καί
1140 1916 1349 1986 cotiaeum:
1383 1919 1588 2001 καλλίπηχυν

402 2045 420 2091 e
444 2023 547 2112 poetis
574 2023 735 2110 arripuit,
757 2021 946 2091 cuttinwanc
970 2043 1034 2090 non
1054 2044 1133 2092 sane
1154 2023 1318 2108 eleganter
1340 2022 1379 2090 de
1402 2043 1460 2091 suo
1484 2023 1589 2091 finxit.

402 2131 438 2196 in
457 2129 590 2216 reliquis
612 2148 740 2216 quoque
767 2128 869 2194 oratio
893 2127 1080 2197 intumescit
1109 2129 1213 2214 magis
1236 2148 1333 2215 quam
1363 2127 1520 2215 adsurgit.
1544 2166 1589 2180 -

402 2235 608 2319 προσφθνπαε
643 2254 708 2300 non
741 2240 870 2322 poterat
900 2233 1062 2301 infelicius
1092 2233 1282 2301 vocabulum
1317 2234 1459 2321 reperire
1490 2255 1587 2323 quam

403 2346 578 2425 προσφῦναι
600 2338 641 2405 de
668 2359 724 2417 eo,
747 2340 804 2426 qui
821 2340 866 2406 roi
889 2346 952 2406 τοῖν
978 2339 1080 2406 ποδοῖν
1103 2337 1177 2421 ίχνη
1201 2345 1387 2424 καπαφιλεί.
1414 2339 1437 2428 3
1457 2344 1488 2406 i.
1510 2339 1584 2406 οίθοί·

401 2469 473 2530 ρας;
498 2445 594 2510 Attici
613 2442 740 2528 οθθοίρης.

352 2576 354 2581 ·
447 2550 552 2636 Epist.
572 2553 626 2616 68.
658 2551 814 2626 ίλθκοισε;
839 2569 857 2617 e
882 2548 970 2635 poesi
1004 2548 1195 2636 perantiqua
1227 2556 1371 2616 sumtum
1396 2587 1441 2601 -
1460 2547 1584 2630 λθβητθ

402 2679 454 2736 μοι
474 2654 621 2736 ἐπιχθαιε
644 2662 769 2721 veteres
787 2679 847 2734 μου
860 2653 1022 2736 καταχέαι
1046 2652 1096 2719 vel
1113 2654 1361 2722 κατασκεδάσαι.
1380 2693 1425 2706 —-
1445 2653 1588 2738 ἒξὲχεονι

403 2779 521 2847 repone
540 2758 683 2845 ἐξέχεαν.
702 2797 749 2809 -
766 2760 880 2842 drudo:
903 2759 1026 2838 ¹uoluit,
1056 2757 1170 2838 credo,
1192 2758 1367 2844 φαλακρόν.
1392 2758 1416 2850 3
1439 2765 1469 2826 2.
1503 2768 1588 2828 Λευ·

402 2871 560 2949 πρεποῦςι
587 2870 713 2952 corrige
734 2865 950 2948 Λεωπρέπους.

447 2971 550 3057 Epist.
564 2974 618 3035 69.
642 2969 678 3034 πὸ
696 2969 727 3034 ἐν
742 2972 896 3035 Ἐλευσῖνι
913 2969 1029 3052 φρέαρε
1052 2971 1224 3036 veterescit
1243 2970 1588 3036 omisissent-dno·

403 3076 525 3157 μθσαπο
552 3072 617 3161 [καί
642 3073 841 3163 οθπελθσαπο]
868 3075 923 3150 πίον
945 3074 1070 3140 ciriae:
1104 3072 1177 3140 tolla
1206 3072 1373 3141 emblema.
1407 3074 1431 3164 3
1454 3078 1485 3140 i.
1508 3075 1586 3154 οθμο·

403 3180 482 3261 μησί
494 3208 503 3247 :
539 3176 630 3273 codd.
660 3178 825 3258 ἀμηγέπη.
861 3198 945 3247 onus
978 3178 1141 3260 ἀμογητί,
1175 3175 1215 3244 de
1249 3176 1369 3247 infelici
1401 3181 1587 3247 coniectura

403 3283 562 3353 Graeculi.
584 3321 630 3333 —
648 3279 769 3363 ἕποιμθς
789 3285 853 3364 εἶμι
866 3284 1038 3366 παρέχεινι
1063 3282 1265 3348 Athenienses
1283 3284 1349 3364 είμί
1366 3286 1515 3351 omittere
1535 3305 1585 3352 so·

402 3391 488 3467 lent,
511 3396 543 3456 et
556 3408 613 3478 pro
625 3396 688 3464 τοῖς
699 3389 896 3468 βουλομένοις
909 3389 1013 3457 multo
1031 3390 1141 3456 sanius
1165 3393 1206 3473 τῷ
1226 3390 1403 3472 βουλομένῳ
1425 3389 1584 3456 dicebant.

448 3497 550 3582 Epist.
573 3499 625 3561 70.
658 3485 750 3561 σείειν
772 3499 845 3560 κατ’
867 3493 1006 3579 coopto:
1029 3493 1146 3560 melius
1167 3501 1397 3577 συκοφαντεῖνι
1423 3503 1494 3561 tum
1516 3515 1586 3582 pes·

402 3603 484 3670 sime
505 3605 599 3682 γῆθεν
622 3620 679 3688 pro
712 3602 747 3667 ἐκ
779 3610 835 3678 σῆς
862 3610 923 3681 γῆς
955 3603 1071 3690 posuit.
1106 3599 1183 3688 34.
1215 3600 1266 3666 ε’πθ
1294 3603 1423 3680 μθκιςον
1450 3598 1581 3683 χρθνονι

401 3708 486 3775 male
506 3728 565 3796 pro
588 3707 638 3774 aaa
658 3706 787 3777 πλείσου
806 3707 927 3790 χρθνου.
954 3715 986 3774 et
1009 3705 1068 3773 hoc
1094 3707 1231 3774 nimium
1252 3725 1309 3793 pro
1332 3705 1383 3771 διὰ
1394 3703 1515 3789 χρόνον.
1538 3743 1584 3755 -

399 3815 496 3882 οὐκέθ’
519 3816 626 3894 ὁμοίως
650 3813 755 3887 θεκπθς
774 3814 845 3880 οὐδὲ
866 3815 988 3898 χαρίεις
1012 3811 1151 3881 ἕθθκουνι
1176 3811 1280 3885 δεκτὸς
1305 3808 1475 3878 manifesto
1495 3829 1583 3876 meu·

399 3918 513 3984 dosum
527 3928 575 3984 est
586 3969 595 3996 ,
608 3919 641 3985 in
662 3921 825 4004 scriptura
844 3928 1021 3987 ΔΕΙΟΤΟΟ
1034 3916 1134 3986 latere
1155 3907 1372 3982 mihividotur
1388 3923 1584 3993 Acreroc,

398 4043 461 4109 quo
488 4043 551 4088 non
583 4031 631 4089 est
660 4022 748 4089 aliud
778 4024 941 4111 epitheton
972 4022 1114 4110 parasito
1147 4030 1255 4088 nostro
1282 4020 1576 4088 accommodatius:

396 4127 493 4194 οὐκέθ’
515 4128 622 4206 ὁμοίως
650 4129 776 4204 οθςεῑος,
801 4130 880 4196 deut
903 4139 994 4196 oulen
1020 4127 1168 4192 urbanus.
1192 4165 1239 4178 -
1258 4127 1500 4194 οὶπεκέκλεινσοο
1535 4127 1581 4190 υἰ-

394 4233 478 4300 tiosa
500 4230 578 4298 haec
599 4232 702 4299 forma
724 4242 793 4311 est,
816 4253 1011 4321 quamquam
1037 4251 1130 4319 saepe
1153 4233 1294 4300 occurrit
1314 4233 1348 4300 in
1372 4231 1462 4299 codd.
1487 4230 1583 4298 Attici

393 4349 509 4422 κλῇσαι
535 4337 684 4404 dicebant
702 4346 735 4404 et
758 4338 912 4421 κέκλημαι
924 4389 934 4418 ,
958 4339 1122 4426 sequiores
1145 4346 1269 4406 κλεῖσαι
1293 4345 1325 4404 et
1347 4338 1545 4418 κέκλεισμαι.

440 4444 543 4531 Epist.
566 4447 619 4509 71.
650 4444 682 4510 ἕν
710 4446 914 4523 συμποσίοιςι
952 4443 1022 4530 lege
1050 4445 1081 4510 ε’ν
1112 4451 1176 4518 τοῖς
1205 4444 1398 4525 συμποσίοις.
1429 4442 1506 4535 35.
1536 4444 1581 4525 roi

391 4551 472 4631 χορῷ
505 4556 686 4617 συνπελεῖνι
724 4567 805 4615 nove
834 4545 959 4617 dietum
990 4569 1047 4637 pro
1078 4549 1338 4634 συναγωνίζεσθαι
1371 4589 1405 4599 -
1425 4547 1573 4630 κλθζεινι

391 4653 487 4720 serii).
513 4653 648 4736 κλῴζειν.

1732 1140 1736 1254 l
