3767 5717
950 584 1015 647 198

393 779 517 848 Deinde
538 802 631 847 sensu
649 800 786 847 vacuum
807 776 965 868 estquod
985 776 1130 867 sequitur
1147 774 1162 839 ὅ
1185 775 1243 853 μέν
1261 798 1334 841 πονα
1357 771 1492 843 εἶπε-
1512 791 1570 843 λν·

368 870 493 971 ποίην,
523 885 581 957 ὅτι,
603 886 662 959 olto
688 884 858 961 ἐκκλησίαις
883 883 1052 967 θορυβώδης
1079 882 1118 947 ὢν
1137 881 1232 962 ῥύπαρ
1253 878 1480 961 ἐπετάραττεν.
1514 897 1571 947 λν-

393 992 478 1070 ποίην
498 991 578 1057 nihil
599 1002 660 1070 est,
685 1014 786 1081 quum
799 990 908 1061 ¹scribe
931 987 1048 1057 vetusti
1066 986 1140 1053 libri
1161 984 1520 1076 scripturumdetritum
1539 999 1572 1051 et

393 1098 570 1188 fugientem
590 1096 736 1188 expedire
754 1120 819 1165 non
839 1106 946 1185 posset
965 1092 1054 1162 dedit
1069 1092 1237 1161 litterulas
1261 1093 1329 1159 siue
1349 1113 1454 1157 sensu.
1493 1092 1573 1159 Vere

393 1204 490 1270 lectio
518 1227 536 1269 e
563 1226 598 1269 re
623 1203 691 1294 ipse
716 1202 791 1269 elici
808 1212 935 1293 potest.;
972 1198 1035 1283 Qui
1054 1199 1114 1271 τὰς
1140 1198 1311 1274 ἐκκλησίας
1338 1197 1507 1277 θορυβώδης
1533 1198 1573 1263 ὧν

392 1311 488 1392 ῥητωρ
506 1309 676 1390 κορύσσεο,
697 1332 763 1401 quo
779 1308 969 1398 cognomine
986 1307 1026 1372 eb
1045 1316 1141 1371 acuto
1156 1303 1280 1394 populo
1297 1304 1426 1369 mactari
1443 1304 1572 1393 potest?
1606 1352 1612 1357 -

394 1438 460 1507 quo
481 1415 546 1480 alio
568 1426 666 1506 quam
685 1416 819 1499 ropdvn?
868 1415 903 1481 Si
929 1415 1000 1506 quis
1026 1413 1113 1480 rol‘et
1131 1412 1289 1502 inspicere
1312 1409 1578 1475 Anrsrornnnmn

393 1522 427 1588 in
453 1522 637 1610 quue'tr‘bus
665 1544 708 1589 rs.
727 1526 793 1589 984
820 1533 851 1588 ot
871 1523 904 1587 in
926 1523 1017 1597 Pace
1038 1524 1104 1586 654
1124 1519 1182 1584 ubi
1206 1518 1310 1595 δοῖδυξ
1323 1517 1387 1581 ’καὶ
1408 1518 1516 1598 τορύνη
1542 1529 1576 1583 et

304 1662 312 1675 ·
393 1628 538 1709 κύκηθρον
564 1628 616 1693 καὶ
641 1626 816 1708 πύρακπρον
845 1627 959 1693 eodem
973 1648 976 1655 ·
991 1649 1086 1692 sensu
1111 1625 1152 1690 de
1172 1624 1284 1690 eodem
1307 1621 1495 1687 turbulento
1516 1621 1576 1688 de·

394 1756 530 1821 magogo
553 1730 721 1810 dicuntur,
745 1754 825 1821 opus
844 1756 912 1800 nun·
929 1733 990 1798 erit
1012 1744 1052 1799 nt
1074 1730 1205 1798 verbum
1223 1728 1362 1820 emplius
1380 1726 1509 1795 addam.

440 1836 479 1903 ln
509 1836 622 1907 libello
638 1838 717 1917 ,περὶ
742 1842 795 1903 τοῦ
821 1838 902 1905 οἶκον
926 1841 1141 1916 6’1,,17.σῆς“
1165 1835 1265 1916 ύψεας
1290 1835 1364 1915 πρὸς
1388 1834 1575 1907 cirione*

395 1941 527 2022 λούσης,
551 1965 617 2009 non
639 1940 802 2015 dubitabit
822 1943 972 2018 ἑλκούσης
994 1942 1155 2031 recipcre,
1180 1940 1237 2029 qui
1257 1940 1335 2007 sciat
1359 1946 1463 2028 quum*
1478 1960 1579 2029 seepe.

395 2035 559 2115 ἕλκοονοῑ
586 2057 696 2113 καλεῖν
726 2058 906 2137 permutata
932 2035 1060 2117 tuerint.
1095 2048 1188 2131 §.l9.
1213 2045 1318 2111 λίύονοο
1344 2044 1580 2123 ἐνένονποοέπὸ.

396 2152 569 2231 θαύματος.
622 2150 821 2241 Quemquam
850 2152 1024 2217 sexcenties
1053 2150 1176 2215 librarii
1196 2150 1261 2215 αἰπύ
1281 2161 1314 2215 et
1334 2149 1394 2214 ύπύ
1416 2148 1575 2216 conlude-

397 2267 488 2333 runt,
513 2268 599 2321 certo
620 2256 697 2327 sciri¹
711 2267 817 2345 potest
838 2254 961 2345 ubique
982 2265 1052 2322 utra
1074 2254 1308 2344 praepositione
1330 2254 1370 2318 sit
1391 2276 1484 2343 opus.
1508 2254 1574 2321 οέπέ

396 2360 519 2435 λύπης,
544 2360 729 2442 Φρονπίδος,
748 2362 859 2440 ὀργῆς,
890 2363 998 2441 nepte
1028 2370 1060 2426 et
1089 2360 1219 2428 similia.
1235 2358 1319 2427 nihit
1346 2358 1575 2448 significabunt

285 2472 289 2479 '
397 2464 501 2529 donec
531 2465 590 2530 ὑπύ
620 2465 807 2555 reposueris.
857 2463 960 2546 Quam
988 2488 1115 2555 mugnu·
1134 2466 1176 2531 'sit
1203 2466 1295 2556 copie
1323 2464 1487 2544 locorum,
1517 2466 1576 2556 qui

398 2572 504 2637 adhuc
526 2585 737 2637 correctorem
758 2583 956 2661 exspectent,
978 2571 1057 2639 nlius
1080 2571 1255 2642 ostendam.
1288 2571 1384 2635 Pauci
1405 2584 1480 2637 sunt
1500 2572 1575 2638 libri

397 2677 459 2744 isto
485 2699 593 2754 errore
622 2677 729 2755 vacui,
750 2690 858 2767 'neque
876 2677 1014 2744 ¹aliorum
1035 2700 1141 2768 neque
1163 2678 1316 2743 Luctum.
1362 2674 1485 2742 In¹hoo
1504 2678 1579 2768 ipso'

398 2784 519 2870 libro§
544 2786 594 2849 13.
619 2784 690 2855 αἰπὰ
706 2783 818 2860 lower
844 2783 860 2858 ἢ
890 2790 1024 2863 σειρῆνος
1050 2783 1214 2861 ἑλκόμενος
1245 2805 1355 2848 omnes
1381 2782 1508 2849 obsidet
1533 2785 1578 2850 li·-

384 2882 473 2957 'hros
504 2888 639 2979 scriptos
666 2899 698 2953 et
727 2887 841 2955 editos.
889 2888 1071 2957 Bttxtttttus
1100 2888 1229 2955 tandem
1252 2890 1314 2955 ύπὸ
1343 2890 1494 2968 correxit,
1516 2890 1574 2980 qui

398 2995 485 3061 idem
507 2996 619 3060 vitium
639 2989 748 3082 aeque
762 3003 885 3056 eertum
907 3004 939 3057 et
960 2992 1091 3058 evidens
1109 3017 1203 3084 saepe
1223 2994 1302 3059 stibi
1320 2994 1477 3058 intectum
1496 2994 1576 3059 reli·
1645 3050 1649 3057 .

400 3104 480 3193 quit.
506 3102 552 3165 Ea
567 3112 614 3165 cst
630 3098 863 3187 exemplorum,
881 3097 913 3163 id
931 3111 979 3164 est
994 3100 1200 3179 mendorum,
1215 3102 1307 3190 copia
1329 3112 1364 3166 ut
1383 3100 1478 3165 etiam
1496 3096 1575 3165 boni

398 3205 574 3297 philologi,
604 3202 659 3268 sed
687 3204 719 3266 in
749 3200 922 3287 Codicibus
945 3206 1106 3272 censendis
1130 3230 1193 3282 non
1217 3207 1273 3273 diu
1293 3219 1325 3272 et
1345 3207 1483 3271 multum
1503 3225 1575 3269 rcr-

399 3311 474 3389 suti,
508 3332 577 3375 eam
606 3308 669 3374 vim
698 3308 917 3397 exemplorum
948 3311 1306 3401 undiqueirrfuenttum
1329 3312 1488 3377 'sustinere
1508 3330 1577 3373 non

398 3416 570 3510 potuerint.
633 3412 671 3477 In
709 3412 945 3494 Xunotttotttts
976 3420 1156 3484 Hellenrcis
1174 3420 1227 3485 Ὺ.
1259 3426 1288 3484 4.
1321 3423 1375 3493 60.
1414 3416 1574 3482 malesana
1680 3470 1686 3477 .

398 3523 495 3615 lectio
509 3522 557 3593 >iu
585 3519 674 3584 libris
690 3532 749 3587 est
776 3520 865 3598 λόγον
886 3523 1047 3600 ἐγίγνοντο
1070 3526 1143 3604 αέπὸι
1163 3530 1223 3590 τῶν
1248 3524 1450 3605 ονρομύρηνςν,
1476 3544 1573 3612 quem

398 3630 617 3697 Itrrnonrros·
631 3626 782 3703 seruerit,
810 3626 886 3715 quia
915 3626 1079 3694 hisidem
1109 3629 1225 3695 vitium
1244 3630 1451 3695 commissum
1471 3640 1518 3694 est
1542 3628 1578 3692 in

398 3735 515 3821 eodem
530 3752 658 3821 ⁴opero:
692 3729 746 3800 vt.
767 3748 815 3795 111.
839 3734 888 3801 10·
909 3733 1143 3812 ’ἐνηέγένηπαο
1169 3736 1393 3816 ἁμαρτήματα
1425 3736 1478 3800 καὶ
1510 3735 1572 3817 ἐφ’

398 3844 483 3919 ἡμῶν
513 3836 565 3902 καὶ
595 3837 656 3919 ἀφ’
686 3836 769 3915 ὑμῶν
803 3835 938 3901 etvss.
964 3854 987 3904 1.
1017 3845 1046 3903 5.
1078 3839 1143 3903 uini
1172 3840 1232 3904 τῶν
1258 3842 1329 3905 θεῶν
1355 3841 1575 3918 liberantem

398 3948 556 4023 εὐτυχεῖν.
592 3951 624 4004 et
653 3940 691 4005 its
719 3939 798 4015 locis
823 3940 917 4011 focile
948 3953 996 4007 est
1016 3942 1133 4007 addere
1156 3956 1320 4009 sexcentos
1341 3944 1435 4022 ulios,
1468 3957 1575 4010 tumen

399 4047 487 4139 quod
510 4044 682 4111 absurdum
705 4060 751 4113 est
771 4060 838 4115 non
857 4048 913 4113 tet
931 4070 1042 4114 verum
1058 4061 1090 4115 et
1108 4072 1231 4126 sanum.
1256 4050 1294 4115 ln
1312 4050 1457 4117 Lucrum
1474 4051 1575 4129 libro,

399 4157 432 4221 in
463 4178 527 4245 qno
556 4176 730 4234 versamur,
762 4157 779 4238 §
803 4160 822 4219 5
844 4152 951 4221 editur
976 4150 1058 4228 ὅπως
1078 4157 1349 4235 ἐκπλαγήσονται.
1375 4179 1440 4228 non
1461 4158 1505 4223 ita
1526 4168 1578 4221 est

398 4262 432 4327 in
445 4259 632 4339 codicibus,
651 4260 791 4349 optimus
808 4260 945 4350 quisque
961 4261 1229 4339 ἐκπλαγήσονται
1245 4262 1382 4329 exhibet.
1400 4274 1435 4326 ut
1448 4263 1507 4338 26,
1518 4260 1575 4324 36.

399 4365 615 4445 delectimini,
649 4368 706 4442 25,
737 4368 790 4431 61.
821 4365 1161 4457 ε’παονέσσοντοιν,176,
1182 4370 1216 4433 9.“
1235 4369 1402 4442 παύσηται,
1435 4370 1496 4443 78,
1518 4365 1572 4428 21.

399 4468 480 4543 ὅπως
502 4472 630 4553 terete„
652 4480 684 4541 ct
701 4481 850 4537 sexcenta
871 4468 968 4535 huius
988 4470 1107 4537 erroris
1122 4473 1267 4563 exemplu
1286 4471 1370 4561 apud
1383 4473 1501 4539 ¹omnes
1518 4489 1575 4533 oe·
1615 4546 1620 4557 ‚

399 4586 541 4649 currunt.
600 4574 707 4659 Quum
736 4576 1021 4656 ἐκπλαγήσονταο,
1057 4575 1226 4653 πεύοηπαο,
1262 4576 1460 4659 φἐύξανταν,
1494 4576 1574 4640 aino-

399 4678 607 4760 δρύοοονπαο,ζ
627 4676 708 4755 ὅπως
740 4681 823 4769 ipsis,
856 4678 937 4757 ὅπως,
971 4682 1131 4763 δύσορμον,
1164 4681 1376 4762 ποοξύμεύα,
1396 4682 1572 4764 λήψομαι,
