3767 5717
871 600 931 667 191

308 798 431 893 aliquid
453 797 628 869 titnbntum
647 820 714 867 esse
734 794 887 887 suspienri
906 818 1029 886 posses,
1058 795 1119 861 nisi
1139 796 1214 861 sutis
1233 801 1396 865 constaret
1414 798 1482 867 Lu·

309 924 454 984 curun,
489 918 524 973 ut
545 906 686 995 reliquos
709 926 831 980 omnes,
861 902 1043 994 promiscue
1062 901 1113 969 his
1132 925 1235 969 usum.
1282 902 1334 970 nd
1354 928 1481 973 versum

306 1017 372 1081 880
407 1013 697 1104 Thesmophorion.
731 1010 850 1090 περίθου
877 1034 927 1075 νυν
952 1008 1037 1074 τόνδε
1062 1015 1179 1090 πρῶτον
1209 1023 1298 1075 retus
1323 1007 1479 1077 Scholion

305 1117 441 1207 legitur:
469 1160 506 1171 -
532 1118 566 1181 τθ
590 1117 622 1181 δὲ
647 1114 816 1196 περίθου,
849 1110 922 1194 θπερ
951 1116 1025 1191 ἡμῖν
1054 1113 1180 1187 σύνηθες
1205 1114 1334 1179 ἐπίθου
1360 1116 1480 1195 λέγειν.

306 1224 461 1315 Exempla
485 1222 602 1312 possim
629 1220 740 1286 ob‘riu:
773 1219 806 1283 in
828 1218 979 1284 Lucullo
1001 1216 1081 1284 lineo
1104 1229 1178 1283 sunt
1199 1222 1234 1297 8,
1256 1222 1314 1297 20,
1337 1222 1388 1283 12.
1412 1222 1481 1285 ἐπί-

305 1330 355 1395 θου
378 1331 433 1403 πθιν
455 1326 554 1409 κόρυν.
593 1328 650 1405 10,
673 1329 733 1402 14,
755 1329 783 1391 4.
812 1325 923 1404 τιθραν
949 1325 1033 1404 θρθθρν
1059 1324 1177 1389 ἐπίθου.
1215 1327 1345 1403 11,16.
1369 1323 1480 1405 τιοίραν
1558 1374 1563 1377 -

305 1434 465 1515 ἐπιθεῖσα,
495 1442 528 1495 et
546 1431 578 1495 in
601 1453 665 1520 qno
686 1430 822 1495 monimo
843 1429 953 1495 sentiri
972 1440 1079 1520 potest
1098 1451 1195 1519 quom
1215 1452 1384 1521 perperam
1403 1428 1481 1494 haee

306 1536 456 1604 dicontur
481 1540 537 1617 40,
558 1542 589 1603 3.
625 1544 813 1617 προσωπεῖον
840 1535 956 1612 ἐπιθείη
987 1547 1020 1601 et
1040 1539 1092 1614 47,
1113 1540 1165 1602 33.
1196 1543 1386 1619 προσωπεῖον
1409 1537 1481 1601 ἕπε’-

305 1642 377 1717 θνκέ
400 1664 463 1719 μοι.

350 1745 388 1811 ln
417 1744 529 1813 libello
559 1744 602 1811 de
629 1744 738 1811 luctu
769 1747 897 1820 50.12.
932 1746 1103 1826 εὐσχήμων
1129 1745 1182 1810 καὶ
1212 1745 1310 1817 καλὸς
1333 1745 1386 1811 καὶ
1412 1728 1482 1811 καθ’

303 1846 480 1931 ύπερβολθρν
506 1849 742 1931 ἐςεφανυμένος
769 1850 889 1930 ὑψηλὸς
912 1848 1085 1930 πρόκειται.
1133 1848 1295 1940 lnterpres
1327 1858 1360 1914 et
1386 1852 1482 1915 ultra

304 1956 435 2049 modum
459 1966 639 2021 coronatus
658 1956 775 2046 inepte.
822 1956 978 2045 Expunge
998 1956 1136 2022 alterurn
1154 1957 1226 2030 καί,
1252 1967 1287 2021 ut
1305 1956 1374 2021 καθ’
1392 1958 1484 2038 ὑπερ-

183 2106 189 2113 ,
306 2060 405 2138 βολήν
432 2081 505 2125 oum
535 2060 801 2150 praecedentibus
831 2061 1053 2150 coniungatur.
1092 2060 1230 2127 Librarii
1250 2082 1343 2151 saepe
1363 2060 1404 2126 de
1424 2083 1482 2126 sno

304 2163 360 2229 καί
380 2163 539 2245 inserunt,
564 2166 733 2259 inquere
754 2189 852 2257 qnam
873 2164 956 2231 nihil
977 2165 1160 2255 intelligant
1180 2166 1349 2231 ostendere
1367 2165 1482 2233 solent.

302 2265 343 2333 In
365 2267 526 2337 Porrorrs
544 2272 713 2363 Apologia
731 2295 764 2362 p.
786 2274 824 2337 21
848 2288 878 2337 lt.
903 2270 1020 2353 ἐφεξῆς
1041 2268 1083 2353 ᾖα
1106 2270 1327 2351 αἰσθανόμενος
1347 2270 1406 2349 μὲν
1428 2270 1482 2335 καὶ

303 2374 496 2452 λυπούμενος
527 2377 580 2441 καὶ
608 2379 708 2450 δεδιὼς
739 2374 785 2443 ύτι
808 2376 1058 2457 ἀπηχθανόμην,
1084 2375 1120 2440 in
1138 2374 1187 2441 his
1206 2375 1399 2455 λυπούμενος
1428 2375 1482 2440 καὶ

302 2476 404 2575 delicie
426 2480 608 2571 significent
630 2482 716 2560 μετὰ
742 2482 845 2557 λύπης
869 2480 922 2545 καὶ
948 2481 1031 2551 δέους
1053 2491 1086 2545 et
1105 2477 1150 2545 ύτι
1170 2478 1292 2569 pendet
1311 2480 1352 2545 ab
1373 2480 1484 2544 αίτθα-

303 2580 438 2660 νθμενος.
488 2584 603 2676 ltaque
623 2608 771 2676 expungo
790 2584 877 2675 prius
898 2584 954 2648 καί
972 2608 990 2649 a
1011 2582 1111 2649 soiolo
1130 2582 1304 2649 inreutnm.
1338 2581 1484 2673 Ineptias

302 2684 399 2751 etiarn
430 2688 485 2753 καί
514 2688 687 2755 insinuarit
715 2713 747 2755 se
779 2692 813 2755 in
843 2690 952 2755 loonm
983 2691 1193 2755 Tuncrnrnrs
1222 2689 1280 2756 IV.
1311 2692 1370 2755 16.,
1396 2700 1482 2756 σῖτον

178 2846 180 2853 ,
301 2790 475 2869 ἕτπθμπειν
501 2795 617 2859 τακτὸν
641 2795 695 2859 καὶ
719 2795 938 2875 μεμαγμένον.
986 2795 1170 2885 Trnnspone
1195 2800 1280 2860 σῖτον
1304 2796 1481 2875 μεμαγμέ-

302 2918 349 2961 νον
382 2896 498 2961 τακτθν
530 2896 722 2975 ἕτπθμπειν,
761 2920 833 2963 nam
866 2897 911 2963 sio
941 2920 1072 2988 quoqne
1101 2910 1229 2988 poterat
1256 2898 1415 2979 seribere,
1448 2913 1481 2967 et

302 3022 399 3089 quarn
420 3000 504 3067 mole
525 2999 668 3066 abundet
690 3002 801 3068 vocula
821 3001 989 3093 intelliges.
1022 3003 1189 3095 Nusquam
1209 3015 1317 3071 autern
1338 3028 1377 3071 en
1391 3006 1479 3073 frons

302 3104 482 3174 euidentius
502 3104 702 3196 deprehendi
722 3119 828 3198 potest
846 3131 945 3199 quam
967 3110 1001 3175 in
1020 3110 1089 3200 ipso
1111 3110 1263 3176 Lucrino
1284 3116 1343 3189 55,
1365 3116 1398 3179 8.
1428 3116 1480 3177 νύν

301 3235 341 3289 νε
363 3209 492 3288 μύλιςα
518 3212 684 3286 πανοιςίου
709 3238 745 3278 τε
766 3214 819 3277 καὶ
846 3215 956 3279 ἐσθλοῦ
977 3214 1030 3279 καὶ
1053 3216 1172 3295 ἑταίρου
1191 3215 1309 3294 οίνίμου
1329 3214 1478 3294 δεύμεθα,

301 3314 357 3380 nbi
382 3336 476 3380 nemo
500 3315 685 3382 reeordatus
708 3328 754 3383 est
780 3319 943 3385 llomerioi
968 3320 1131 3386 versiculi:

479 3418 602 3497 ἴκμενον
626 3418 708 3502 οὖρον
733 3421 770 3487 itt
796 3424 979 3499 πλατύς-ιον,
1004 3426 1111 3490 ἐσθλὸν
1135 3424 1266 3507 ἕταιρον.

300 3520 430 3593 tandem
453 3523 631 3591 Bttttttnnus
654 3526 874 3615 importunum
899 3529 956 3592 καί
980 3530 1085 3595 eiecit
1205 3530 1209 3534 ’

344 3624 384 3691 ln
411 3628 429 3711 §
453 3629 506 3693 16.
534 3651 593 3716 pro
612 3628 835 3711 ματαιάζοντα
857 3632 961 3697 scribo
978 3634 1179 3715 ματρίζοντα.
1210 3632 1250 3698 cf.
1263 3632 1417 3698 Puttsott
1434 3636 1475 3700 nd

298 3733 443 3799 Moron.
462 3756 493 3821 p.
517 3735 571 3797 71.
592 3742 623 3798 et
643 3732 676 3797 in
695 3736 713 3817 §
738 3736 786 3798 17.
816 3735 1015 3816 Φέρετοίνυν
1037 3734 1203 3813 διδάξομαι
1226 3735 1389 3803 soloecum
1409 3753 1476 3815 est,

299 3851 334 3906 ut
353 3838 422 3919 Φέρ
444 3836 496 3901 too
530 3836 778 3907 dedicendum
803 3851 851 3905 est
878 3840 956 3923 Φέρε
982 3838 1172 3918 διδάξομαι,
1198 3841 1285 3930 quod
1307 3841 1342 3906 in
1363 3843 1476 3911 multis

299 3942 390 4008 libris
414 3953 460 4007 est
486 3941 542 4007 sed
568 3954 685 4008 temere
710 3956 862 4035 spretum.

343 4048 585 4123 Inlt'lretorum
604 4050 832 4141 Praeceptor'e
852 4054 906 4130 51,
927 4052 957 4116 2.
980 4049 1057 4122 τέως
1078 4051 1175 4128 μηδὲν
1195 4050 1281 4125 ὄντες
1302 4053 1418 4143 supple
1437 4057 1473 4121 τὸ

296 4155 391 4235 μηδὲν
421 4153 505 4226 ὄντες
539 4155 626 4221 etia
648 4159 665 4242 §
688 4159 738 4220 20.
759 4155 815 4237 θρα
841 4157 965 4234 μύποτε
987 4153 1113 4237 νρύψρι
1138 4154 1156 4231 ἢ
1185 4155 1385 4238 σκεψάμενος
1407 4184 1471 4225 πα-

296 4260 401 4343 ρέαθρς
423 4259 561 4325 rescribe
582 4260 715 4342 γράψας
739 4284 798 4353 pro
823 4260 961 4343 νρύψρτ.

341 4364 379 4429 In
399 4366 624 4457 Philopseude
644 4370 707 4448 52,
726 4373 756 4433 3.
781 4366 961 4448 Ὠρείθυιαν
984 4366 1043 4431 ὑπθ
1065 4369 1120 4430 τοῦ
1141 4366 1246 4447 Βορέου
1269 4369 1470 4449 ύναρπασθῆ-

293 4486 343 4540 ναι
369 4472 605 4542 emendandum
626 4486 674 4539 est
693 4474 904 4555 οὶρπαθθῆναι.
927 4469 1095 4554 Ἀρποίζειν
1116 4470 1151 4535 in
1169 4487 1205 4537 re
1225 4473 1379 4538 amotoria
1400 4495 1470 4539 oer-

292 4588 359 4645 tam
381 4577 488 4647 sedem
509 4577 620 4659 hobel,
650 4580 890 4660 θυαρποοτθύναι·
906 4575 1133 4656 οῑοθνύρπατοι
1154 4577 1299 4654 γενέσθαι
1318 4577 1470 4645 dicuntur

294 4702 376 4771 quos
403 4684 597 4776 neuopineto
618 4684 665 4755 ris
685 4682 842 4776 oppressit
857 4694 889 4749 et
904 4683 939 4749 in
958 4680 1092 4771 aliquod
1110 4680 1325 4750 infortunium
1349 4686 1470 4775 rapuit,
