3767 5717
957 611 1024 676 238

408 814 594 881 Hellem'cr's
620 809 678 876 111.
705 828 739 874 rr.
773 811 823 873 19.
845 802 1048 873 scribendum
1073 804 1201 880 πλεῖνθ
1228 803 1332 873 cottia
1353 815 1386 869 et
1407 803 1509 873 V.1r.
1530 810 1585 874 66.

410 926 503 985 πλεῖν
533 916 550 993 θ
578 915 793 993 ἑβδομήκοντα
820 924 851 977 et
881 909 959 975 alibi
983 908 1023 974 ad
1044 907 1178 974 eandem
1199 930 1354 977 normam.
1402 909 1468 977 Ubi
1486 913 1586 979 semel

409 1020 659 1091 Atheniensibus
689 1041 744 1083 sua
765 1040 878 1083 manus
903 1016 965 1081 erit
984 1016 1129 1080 restituta
1148 1036 1243 1079 nemo
1261 1015 1432 1081 mirabitur
1449 1018 1583 1084 Atticis·

406 1140 453 1194 tas
480 1128 593 1193 eodem
622 1125 719 1191 modo
748 1125 926 1215 scriptitare
953 1122 1063 1188 solitos
1083 1135 1115 1196 et
1135 1122 1305 1189 Lucterius
1323 1135 1356 1188 et
1376 1122 1440 1188 boc
1459 1123 1533 1191 loco
1551 1137 1584 1191 et

403 1235 484 1299 alibi
507 1243 598 1299 artato
623 1234 640 1308 θ
666 1243 752 1296 recte
777 1230 937 1320 scripsisse
962 1228 1120 1296 credetur.

450 1338 487 1404 ln
511 1340 548 1403 V
547 1344 672 1403 iturum
688 1343 842 1402 auctione
861 1339 911 1401 14.
928 1338 955 1399 l.
981 1335 1084 1399 scribe
1105 1337 1130 1400 ai
1150 1334 1182 1399 δέ
1196 1359 1244 1407 τις
1262 1338 1317 1400 οὐκ
1333 1335 1403 1416 ἔχει
1425 1357 1484 1425 pro
1501 1334 1583 1418 ἔχοι.

406 1449 476 1531 63.
500 1452 580 1509 τοῖσι
605 1445 671 1507 ἐκεῖ
687 1465 746 1532 pro
766 1450 842 1514 τοῖς.
888 1446 957 1530 65.
987 1440 1129 1521 ψυχκρθν
1148 1463 1207 1530 pro
1227 1444 1378 1521 abrutino.
1422 1446 1491 1530 69.
1515 1442 1583 1521 ἐμοὶ

403 1550 562 1628 πιθόμενος
592 1570 650 1637 pro
679 1546 872 1625 πειθόμενος,
910 1558 945 1611 ut
976 1546 1095 1637 passim
1126 1547 1260 1612 aoristus
1283 1546 1424 1639 πιθέσθαι
1447 1548 1582 1615 interiit.

405 1657 423 1739 §
448 1658 497 1718 14.
527 1652 667 1733 ε’πίκκρον
689 1674 746 1741 pro
766 1652 929 1730 ἐπικήριον.
965 1657 983 1739 6
1008 1655 1057 1715 17.
1082 1650 1211 1716 Lacuna
1231 1664 1295 1717 est:
1326 1652 1429 1717 multa
1452 1642 1582 1719 ercide-

404 1771 479 1824 runt
503 1769 575 1847 post
595 1756 817 1835 διημάρτανον,
844 1756 963 1844 quibus
984 1757 1183 1846 colloquium
1205 1780 1280 1823 cum
1299 1756 1454 1823 Soccus
1473 1760 1584 1825 absol·

405 1866 451 1930 vit
471 1876 503 1928 et
524 1862 674 1952 produxit
692 1862 881 1927 Ptn‘ronnt.
902 1865 984 1947 618.
1000 1863 1033 1926 σι’
1047 1863 1101 1926 καὶ
1119 1862 1231 1944 πράξει
1251 1887 1311 1954 pro
1329 1864 1467 1943 πράξεις.
1494 1868 1581 1949 621.

405 1966 460 2051 ύρα
483 1972 527 2047 μή
553 1993 588 2033 σε
615 1967 814 2044 αἶποτοξεύσα
842 1967 884 2047 τῷ
909 1966 1123 2047 ἀναποδείκτῳ
1148 1969 1364 2048 συλλογισμῷ.
1400 1968 1455 2058 qui
1481 1992 1581 2059 quem

406 2077 471 2140 telo
500 2073 550 2139 rel
572 2078 703 2162 sagitta
726 2071 863 2159 configit
887 2069 1007 2135 dicitur
1032 2069 1256 2146 κατατοξεύειν
1280 2071 1391 2145 αύτθν,
1427 2084 1462 2138 ut
1489 2098 1584 2165 saepe

406 2180 502 2257 alios,
534 2201 626 2267 saepe
647 2176 827 2242 Luctartunr
845 2175 993 2240 audimus
1018 2174 1188 2239 dicentem.
1236 2173 1344 2263 Siglae
1371 2180 1584 2267 praepositio·

403 2307 481 2350 num
512 2295 711 2373 permutatae
736 2293 820 2346 suut.
857 2284 950 2366 625.
974 2278 1066 2344 πθσον
1091 2280 1164 2358 ὑπὲρ
1190 2281 1287 2344 αὐτοῦ
1309 2283 1507 2362 καταβαλῶ,
1530 2308 1581 2351 re-

291 2432 294 2436 -
403 2412 488 2480 pono
508 2380 746 2454 coniunctirum
767 2385 961 2465 καταβύλα.
988 2387 1076 2468 626.
1102 2383 1182 2447 πολὺ
1200 2383 1322 2461 λέγεις,
1348 2385 1485 2451 emendo
1503 2405 1582 2455 πολ-

404 2500 459 2560 λοῦ
483 2495 601 2572 λέγεις.
644 2492 682 2557 ln
704 2494 884 2557 Pr'soutore
909 2496 958 2555 15.
982 2492 1000 2573 §
1023 2491 1074 2552 48.
1100 2489 1160 2564 ἐγὼ
1187 2488 1233 2551 δύ’
1257 2490 1374 2566 ὀβολῶν
1398 2493 1494 2557 αὐτὸν
1519 2496 1583 2559 ε’τι-

402 2598 566 2677 μιρσιθμνρν.
585 2640 623 2651 -
638 2599 718 2662 πολὺ
740 2598 864 2674 λέγεις,
884 2607 948 2660 tres
968 2593 1102 2660 Codices
1117 2600 1236 2657 πολλοῦ
1254 2595 1361 2671 λέγεις
1379 2596 1583 2677 obtulerunt,

403 2713 436 2767 at
463 2724 557 2766 nemo
576 2701 734 2767 intellexit
756 2724 853 2791 quam
878 2701 1000 2767 bonum
1020 2710 1115 2765 esset:
1138 2706 1247 2763 omnes
1270 2700 1465 2768 obiecerunt.
1487 2703 1581 2770 deni·

403 2808 523 2897 quein
549 2808 614 2872 fine
639 2811 656 2893 §
683 2809 752 2896 lege
774 2810 910 2885 ὠνοῦμαι
936 2807 1029 2871 αὑτὸν
1054 2812 1124 2869 τῶν
1151 2802 1272 2869 εἴκοσιν.

447 2912 487 2977 ln
505 2913 686 2977 Piscatore
709 2916 760 2976 15.
779 2916 797 2997 §
817 2913 847 2975 4.
872 2910 942 2999 lege
963 2910 1104 2989 διὲσυρας
1127 2915 1185 2997 pro
1206 2908 1352 2990 διέσυρες.
1384 2915 1403 2999 6
1424 2919 1454 2979 5.
1473 2915 1580 2979 αὐτοὶ

401 3024 510 3090 ποιῆτε
538 3040 598 3105 pro
627 3016 714 3081 αύτθ.
750 3019 817 3099 67.
850 3016 887 3079 δι’
915 3016 992 3079 αύτδ
1017 3020 1109 3079 τοῦτο
1136 3036 1196 3102 pro
1217 3013 1267 3078 δια
1286 3040 1326 3093 γε
1349 3025 1449 3085 τοῦτο.
1484 3022 1579 3103 §tu

400 3120 453 3213 καὶ
478 3120 516 3183 σύ
538 3144 597 3209 pro
616 3120 670 3183 nul
693 3144 749 3183 σοι.
786 3121 877 3203 624.
903 3120 1036 3200 ἀφεῖναι
1062 3118 1218 3197 βούληται
1241 3140 1300 3207 pro
1321 3122 1575 3199 διαβουλεύηται.

402 3228 492 3309 633.
518 3225 628 3300 ἥδοιντ’
652 3222 709 3292 θεν.
734 3219 840 3301 οἶμαι,
873 3222 1125 3300 μασινουμέναν.
1162 3222 1246 3287 male
1278 3226 1456 3303 Britannus
1480 3253 1578 3306 ματι-

403 3326 555 3408 γουμένιρ.
603 3326 767 3392 Genitirus
789 3327 908 3416 optimo
929 3325 1026 3391 habet
1046 3338 1078 3391 et
1098 3327 1255 3415 significat
1274 3327 1327 3395 θτε
1352 3337 1577 3409 μαςιγούνται.

403 3431 512 3497 Poetis
540 3432 589 3497 ius
616 3444 662 3498 est
684 3433 898 3497 accusativum
919 3454 1040 3521 ponere
1061 3455 1120 3521 pro
1138 3430 1184 3496 ὅτι
1201 3440 1432 3512 μαςιγούνται.
1467 3435 1577 3501 Notis·

403 3536 499 3601 simae
529 3539 576 3603 rei
601 3538 784 3627 exemplum
812 3536 980 3602 subiiciam
1008 3548 1043 3600 ut
1068 3536 1186 3601 mendo
1206 3536 1352 3607 liberem.
1400 3540 1577 3609 Euntrrnrs

404 3644 618 3732 fragmentum
642 3643 776 3711 servarit
801 3641 924 3708 Surnns
949 3666 975 3708 r.
1001 3643 1115 3723 Χαίρω.

582 3749 682 3828 Χαίρω
706 3748 745 3826 γε’
770 3751 811 3821 τ’,
836 3745 856 3811 ὦ
881 3748 1030 3826 βέλτιςον
1053 3748 1234 3826 Ἀλκμήνης
1259 3748 1367 3824 τέκος,

740 3854 756 3881 '⁶
774 3854 789 3884 *
807 3854 821 3879 ⁸
841 3852 856 3887 ⁴
878 3853 929 3917 τθν
953 3878 989 3917 τε
1012 3854 1121 3933 μιαρὸν
1145 3855 1335 3931 ἕξολαλθτα.

403 3957 665 4023 Vntcnnurnws
693 3958 732 4023 ad
761 3960 885 4025 Placen.
915 3982 958 4024 rs.
978 3961 1054 4023 711.
1083 3958 1253 4049 supplebat
1272 3961 1413 4027 ε’λθθντα.
1464 3962 1576 4029 Verius

401 4061 552 4127 arbitror:

580 4151 681 4233 Χαίρω
706 4152 740 4217 σε’
765 4156 805 4232 τ’,
829 4149 850 4217 ὦ
872 4154 1022 4233 βέλτιςον
1046 4156 1227 4233 ’Λλκμθνκς
1253 4155 1361 4235 τέκος,

580 4257 716 4322 σωθέντα
739 4258 791 4323 τθν
816 4282 852 4323 τε
875 4258 984 4338 μικρὸν
1008 4257 1196 4334 ἐξολυλθτα.

447 4373 484 4439 ln
511 4373 653 4467 Culuplo
688 4378 746 4456 16,
766 4384 796 4443 3.
830 4377 902 4452 ἢτθ
923 4375 1111 4455 βουλόμενος
1132 4377 1203 4467 lege
1231 4379 1283 4444 uni
1308 4378 1340 4443 τί
1364 4380 1574 4459 βουλόμενος,

402 4478 552 4544 solemnis
573 4493 604 4547 et
623 4482 774 4572 frequens
794 4505 889 4548 error.
924 4484 990 4566 65.
1013 4482 1178 4559 βούλει-
1199 4484 1448 4563 ε’μβιβασύμεθα
1470 4484 1577 4549 soloe·

401 4606 474 4651 oum
492 4597 541 4651 est
560 4609 619 4675 pro
641 4588 907 4667 ἐμβιβασώμεθα.
940 4594 959 4676 6
980 4591 1031 4655 16.
1055 4586 1227 4671 γράψομαί
1250 4615 1287 4657 σε
1311 4589 1498 4671 παρανόμων
1521 4590 1573 4657 ἐπὶ

397 4695 452 4755 τοῦ
480 4692 734 4773 Ῥαδαμάνθυος,
762 4693 955 4785 peridoneus
984 4692 1039 4767 hic
1072 4692 1162 4761 loeus
1190 4706 1240 4763 est
1259 4694 1300 4763 ad
1321 4694 1576 4765 confirmandam
