<?xml version="1.0" encoding="UTF-8"?>
<!DOCTYPE html PUBLIC "-//W3C//DTD XHTML 1.0 Transitional//EN"
    "http://www.w3.org/TR/xhtml1/DTD/xhtml1-transitional.dtd">
<html xmlns="http://www.w3.org/1999/xhtml" xml:lang="en" lang="en">
 <head>
  <title>
</title>
<meta http-equiv="Content-Type" content="text/html;charset=utf-8" />
  <meta name='ocr-system' content='tesseract 3.04.00' />
  <meta name='ocr-capabilities' content='ocr_page ocr_carea ocr_par ocr_line ocrx_word'/>
</head>
<body>
  <div class='ocr_page' id='page_1' title='image "./variaelectiones02cobegoog_0346.png"; bbox 0 0 3767 5717; ppageno 0'>
   <div class='ocr_carea' id='block_1_1' title="bbox 968 595 1035 658">
    <p class='ocr_par' dir='ltr' id='par_1_1' title="bbox 968 595 1035 658">
     <span class='ocr_line' id='line_1_1' title="bbox 968 595 1035 658; baseline 0.03 -2"><span class='ocrx_word' id='word_1_1' title='bbox 968 595 1035 658; x_wconf 74' lang='lat'><em>332</em></span> 
     </span>
    </p>
   </div>
   <div class='ocr_carea' id='block_1_2' title="bbox 551 784 1102 1179">
    <p class='ocr_par' dir='ltr' id='par_1_2' title="bbox 551 784 1102 976">
     <span class='ocr_line' id='line_1_2' title="bbox 551 784 1102 866; baseline -0.004 -14"><span class='ocrx_word' id='word_1_2' title='bbox 551 786 677 864; x_wconf 84' lang='grc' dir='ltr'><em>τθπτω,</em></span> <span class='ocrx_word' id='word_1_3' title='bbox 701 784 803 864; x_wconf 97' lang='grc' dir='ltr'><em>παίω,</em></span> <span class='ocrx_word' id='word_1_4' title='bbox 828 787 956 865; x_wconf 75' lang='grc' dir='ltr'><em>πληγήν</em></span> <span class='ocrx_word' id='word_1_5' title='bbox 981 786 1102 866; x_wconf 74' lang='grc' dir='ltr'><em>δίδωμι.</em></span> 
     </span>
     <span class='ocr_line' id='line_1_3' title="bbox 553 889 876 976; baseline -0.003 -20"><span class='ocrx_word' id='word_1_6' title='bbox 553 890 706 970; x_wconf 74' lang='grc' dir='ltr'><em>πατοίξω,</em></span> <span class='ocrx_word' id='word_1_7' title='bbox 732 889 876 976; x_wconf 81' lang='grc' dir='ltr'><em>(παίσω).</em></span> 
     </span>
    </p>

    <p class='ocr_par' dir='ltr' id='par_1_3' title="bbox 552 995 888 1082">
     <span class='ocr_line' id='line_1_4' title="bbox 552 995 888 1082; baseline 0 -22"><span class='ocrx_word' id='word_1_8' title='bbox 552 995 702 1074; x_wconf 82' lang='grc' dir='ltr'><em>ἐποίταξα</em></span> <span class='ocrx_word' id='word_1_9' title='bbox 728 995 888 1082; x_wconf 77' lang='grc' dir='ltr'><em>(ἔπαισα).</em></span> 
     </span>
    </p>

    <p class='ocr_par' dir='ltr' id='par_1_4' title="bbox 553 1100 720 1179">
     <span class='ocr_line' id='line_1_5' title="bbox 553 1100 720 1179; baseline 0 -14"><span class='ocrx_word' id='word_1_10' title='bbox 553 1100 720 1179; x_wconf 81' lang='grc' dir='ltr'><em>πέπληγα.</em></span> 
     </span>
    </p>
   </div>
   <div class='ocr_carea' id='block_1_3' title="bbox 421 1231 1259 1633">
    <p class='ocr_par' dir='ltr' id='par_1_5' title="bbox 421 1231 1259 1633">
     <span class='ocr_line' id='line_1_6' title="bbox 421 1231 1259 1315; baseline -0.005 -16"><span class='ocrx_word' id='word_1_11' title='bbox 421 1233 536 1300; x_wconf 84' lang='lat' dir='ltr'>deinde</span> <span class='ocrx_word' id='word_1_12' title='bbox 554 1235 734 1315; x_wconf 82' lang='grc' dir='ltr'><em>τύπτομαι,</em></span> <span class='ocrx_word' id='word_1_13' title='bbox 757 1235 909 1314; x_wconf 88' lang='grc' dir='ltr'><em>παίομαι,</em></span> <span class='ocrx_word' id='word_1_14' title='bbox 934 1233 1065 1312; x_wconf 76' lang='grc' dir='ltr'><em>πληγας</em></span> <span class='ocrx_word' id='word_1_15' title='bbox 1089 1231 1259 1311; x_wconf 83' lang='grc' dir='ltr'><em>λαμβοίνω.</em></span> 
     </span>
     <span class='ocr_line' id='line_1_7' title="bbox 555 1339 1116 1420; baseline -0.004 -16"><span class='ocrx_word' id='word_1_16' title='bbox 555 1342 780 1420; x_wconf 83' lang='grc' dir='ltr'><em>τυπτήσομαι,</em></span> <span class='ocrx_word' id='word_1_17' title='bbox 805 1339 936 1418; x_wconf 68' lang='grc' dir='ltr'><em>πλννίνο</em></span> <span class='ocrx_word' id='word_1_18' title='bbox 960 1341 1116 1419; x_wconf 82' lang='grc' dir='ltr'><em>λήψομαι.</em></span> 
     </span>
     <span class='ocr_line' id='line_1_8' title="bbox 556 1445 839 1526; baseline -0.007 -13"><span class='ocrx_word' id='word_1_19' title='bbox 556 1445 688 1525; x_wconf 71' lang='grc' dir='ltr'><em>πληγὰς</em></span> <span class='ocrx_word' id='word_1_20' title='bbox 711 1446 839 1526; x_wconf 81' lang='grc' dir='ltr'><em>ἔλαβον.</em></span> 
     </span>
     <span class='ocr_line' id='line_1_9' title="bbox 557 1551 846 1633; baseline -0.007 -17"><span class='ocrx_word' id='word_1_21' title='bbox 557 1551 689 1631; x_wconf 79' lang='grc' dir='ltr'><em>πληγας</em></span> <span class='ocrx_word' id='word_1_22' title='bbox 714 1551 846 1633; x_wconf 77' lang='grc' dir='ltr'><em>εἴληφα.</em></span> 
     </span>
    </p>
   </div>
   <div class='ocr_carea' id='block_1_4' title="bbox 556 1683 1151 2184">
    <p class='ocr_par' dir='ltr' id='par_1_6' title="bbox 556 1683 1151 1871">
     <span class='ocr_line' id='line_1_10' title="bbox 556 1683 1151 1766; baseline -0.01 -14"><span class='ocrx_word' id='word_1_23' title='bbox 556 1687 735 1766; x_wconf 78' lang='grc' dir='ltr'><em>τύπτομαι,</em></span> <span class='ocrx_word' id='word_1_24' title='bbox 759 1687 885 1764; x_wconf 82' lang='grc' dir='ltr'><em>πληγήν</em></span> <span class='ocrx_word' id='word_1_25' title='bbox 909 1683 1080 1763; x_wconf 80' lang='grc' dir='ltr'><em>λαμβοίνω.</em></span> <span class='ocrx_word' id='word_1_26' title='bbox 1147 1728 1151 1734; x_wconf 85' lang='lat'><em>-</em></span> 
     </span>
     <span class='ocr_line' id='line_1_11' title="bbox 560 1791 764 1871; baseline 0 -15"><span class='ocrx_word' id='word_1_27' title='bbox 560 1791 764 1871; x_wconf 80' lang='grc' dir='ltr'><em>πέπληγμαι.</em></span> 
     </span>
    </p>

    <p class='ocr_par' dir='ltr' id='par_1_7' title="bbox 559 1895 778 1975">
     <span class='ocr_line' id='line_1_12' title="bbox 559 1895 778 1975; baseline -0.009 -14"><span class='ocrx_word' id='word_1_28' title='bbox 559 1895 778 1975; x_wconf 79' lang='grc' dir='ltr'><em>πεπλήξομαι.</em></span> 
     </span>
    </p>

    <p class='ocr_par' dir='ltr' id='par_1_8' title="bbox 559 2002 712 2080">
     <span class='ocr_line' id='line_1_13' title="bbox 559 2002 712 2080; baseline 0.007 -15"><span class='ocrx_word' id='word_1_29' title='bbox 559 2002 712 2080; x_wconf 88' lang='grc' dir='ltr'><em>ἐπλήγην.</em></span> 
     </span>
    </p>

    <p class='ocr_par' dir='ltr' id='par_1_9' title="bbox 560 2110 782 2184">
     <span class='ocr_line' id='line_1_14' title="bbox 560 2110 782 2184; baseline -0.005 -14"><span class='ocrx_word' id='word_1_30' title='bbox 560 2110 782 2184; x_wconf 90' lang='grc' dir='ltr'><em>πληγήσομαι.</em></span> 
     </span>
    </p>
   </div>
   <div class='ocr_carea' id='block_1_5' title="bbox 384 2253 1609 4763">
    <p class='ocr_par' dir='ltr' id='par_1_10' title="bbox 384 2253 1603 3269">
     <span class='ocr_line' id='line_1_15' title="bbox 472 2253 1598 2346; baseline -0.001 -25"><span class='ocrx_word' id='word_1_31' title='bbox 472 2253 683 2321; x_wconf 77' lang='lat' dir='ltr'>Athenienses</span> <span class='ocrx_word' id='word_1_32' title='bbox 711 2277 778 2320; x_wconf 84' lang='lat' dir='ltr'><em>non</em></span> <span class='ocrx_word' id='word_1_33' title='bbox 804 2265 941 2320; x_wconf 75' lang='lat' dir='ltr'>utuntur</span> <span class='ocrx_word' id='word_1_34' title='bbox 970 2254 1040 2320; x_wconf 80' lang='lat' dir='ltr'>eliis</span> <span class='ocrx_word' id='word_1_35' title='bbox 1060 2255 1170 2320; x_wconf 85' lang='lat' dir='ltr'>formis</span> <span class='ocrx_word' id='word_1_36' title='bbox 1191 2277 1288 2346; x_wconf 82' lang='lat' dir='ltr'>quam</span> <span class='ocrx_word' id='word_1_37' title='bbox 1309 2253 1367 2322; x_wconf 87' lang='lat' dir='ltr'>his.</span> <span class='ocrx_word' id='word_1_38' title='bbox 1402 2253 1505 2320; x_wconf 87' lang='lat' dir='ltr'>Nemo</span> <span class='ocrx_word' id='word_1_39' title='bbox 1524 2277 1598 2320; x_wconf 89' lang='lat' dir='ltr'><em>um·</em></span> 
     </span>
     <span class='ocr_line' id='line_1_16' title="bbox 426 2359 1600 2449; baseline -0.003 -23"><span class='ocrx_word' id='word_1_40' title='bbox 426 2382 524 2449; x_wconf 76' lang='lat' dir='ltr'>quem</span> <span class='ocrx_word' id='word_1_41' title='bbox 542 2359 683 2449; x_wconf 79' lang='lat' dir='ltr'>proferet</span> <span class='ocrx_word' id='word_1_42' title='bbox 702 2382 803 2426; x_wconf 87' lang='lat' dir='ltr'>unum</span> <span class='ocrx_word' id='word_1_43' title='bbox 823 2359 948 2435; x_wconf 78' lang='lat' dir='ltr'>locum,</span> <span class='ocrx_word' id='word_1_44' title='bbox 968 2359 1025 2425; x_wconf 91' lang='lat' dir='ltr'><em>ubi</em></span> <span class='ocrx_word' id='word_1_45' title='bbox 1045 2360 1170 2449; x_wconf 70' lang='lat' dir='ltr'>legetur</span> <span class='ocrx_word' id='word_1_46' title='bbox 1188 2361 1296 2443; x_wconf 81' lang='grc' dir='ltr'><em>τθψω,</em></span> <span class='ocrx_word' id='word_1_47' title='bbox 1315 2361 1436 2442; x_wconf 82' lang='grc' dir='ltr'><em>ἔτυψα,</em></span> <span class='ocrx_word' id='word_1_48' title='bbox 1453 2360 1600 2442; x_wconf 77' lang='grc' dir='ltr'><em>τέτυφα,</em></span> 
     </span>
     <span class='ocr_line' id='line_1_17' title="bbox 425 2464 1600 2551; baseline 0.001 -22"><span class='ocrx_word' id='word_1_49' title='bbox 425 2465 605 2544; x_wconf 87' lang='grc' dir='ltr'><em>τέτνμμαι,</em></span> <span class='ocrx_word' id='word_1_50' title='bbox 639 2465 794 2547; x_wconf 77' lang='grc' dir='ltr'><em>ε’τθΦθην,</em></span> <span class='ocrx_word' id='word_1_51' title='bbox 814 2466 960 2543; x_wconf 79' lang='grc' dir='ltr'><em>ιἐτιίπην,</em></span> <span class='ocrx_word' id='word_1_52' title='bbox 989 2467 1207 2551; x_wconf 77' lang='grc' dir='ltr'><em>τνφθήσομαι,</em></span> <span class='ocrx_word' id='word_1_53' title='bbox 1234 2467 1433 2546; x_wconf 81' lang='grc' dir='ltr'><em>τετθήιομαι,</em></span> <span class='ocrx_word' id='word_1_54' title='bbox 1460 2464 1509 2530; x_wconf 84' lang='lat' dir='ltr'><em>vel</em></span> <span class='ocrx_word' id='word_1_55' title='bbox 1528 2467 1600 2530; x_wconf 84' lang='grc' dir='ltr'><em>ἐσθ-</em></span> 
     </span>
     <span class='ocr_line' id='line_1_18' title="bbox 426 2568 1600 2649; baseline 0.003 -17"><span class='ocrx_word' id='word_1_56' title='bbox 426 2592 554 2643; x_wconf 91' lang='grc' dir='ltr'><em>πτησα,</em></span> <span class='ocrx_word' id='word_1_57' title='bbox 579 2568 786 2643; x_wconf 84' lang='grc' dir='ltr'><em>τετθπτηκα,</em></span> <span class='ocrx_word' id='word_1_58' title='bbox 811 2568 1030 2649; x_wconf 85' lang='grc' dir='ltr'><em>τετθπτημαι,</em></span> <span class='ocrx_word' id='word_1_59' title='bbox 1053 2572 1237 2647; x_wconf 84' lang='grc' dir='ltr'><em>ἐτυπτήθην.</em></span> <span class='ocrx_word' id='word_1_60' title='bbox 1286 2569 1389 2636; x_wconf 88' lang='lat' dir='ltr'>Nemo</span> <span class='ocrx_word' id='word_1_61' title='bbox 1420 2569 1500 2636; x_wconf 77' lang='lat' dir='ltr'>vidit</span> <span class='ocrx_word' id='word_1_62' title='bbox 1529 2591 1600 2636; x_wconf 89' lang='lat' dir='ltr'><em>um·</em></span> 
     </span>
     <span class='ocr_line' id='line_1_19' title="bbox 427 2665 1601 2765; baseline 0.002 -27"><span class='ocrx_word' id='word_1_63' title='bbox 427 2665 526 2763; x_wconf 70' lang='lat' dir='ltr'>qham</span> <span class='ocrx_word' id='word_1_64' title='bbox 547 2673 633 2765; x_wconf 80' lang='lat' dir='ltr'>apud</span> <span class='ocrx_word' id='word_1_65' title='bbox 655 2673 790 2740; x_wconf 75' lang='lat' dir='ltr'>Atticos:</span> <span class='ocrx_word' id='word_1_66' title='bbox 816 2673 988 2748; x_wconf 88' lang='grc' dir='ltr'><em>πατοίσσω,</em></span> <span class='ocrx_word' id='word_1_67' title='bbox 1011 2674 1246 2754; x_wconf 82' lang='grc' dir='ltr'><em>πεποίταγμαι,</em></span> <span class='ocrx_word' id='word_1_68' title='bbox 1266 2675 1471 2755; x_wconf 78' lang='grc' dir='ltr'><em>ἐπατοίχθην,</em></span> <span class='ocrx_word' id='word_1_69' title='bbox 1492 2700 1601 2740; x_wconf 90' lang='grc' dir='ltr'><em>πατα-</em></span> 
     </span>
     <span class='ocr_line' id='line_1_20' title="bbox 427 2779 1599 2860; baseline 0.001 -15"><span class='ocrx_word' id='word_1_70' title='bbox 427 2781 607 2860; x_wconf 71' lang='grc' dir='ltr'><em>χθήσομαι,</em></span> <span class='ocrx_word' id='word_1_71' title='bbox 643 2781 694 2846; x_wconf 76' lang='lat' dir='ltr'><em>sel</em></span> <span class='ocrx_word' id='word_1_72' title='bbox 724 2780 888 2853; x_wconf 88' lang='grc' dir='ltr'><em>πέπαιιια,</em></span> <span class='ocrx_word' id='word_1_73' title='bbox 926 2779 1128 2859; x_wconf 88' lang='grc' dir='ltr'><em>πέπαισμαι,</em></span> <span class='ocrx_word' id='word_1_74' title='bbox 1169 2780 1338 2855; x_wconf 90' lang='grc' dir='ltr'><em>ἐπαίσθην,</em></span> <span class='ocrx_word' id='word_1_75' title='bbox 1372 2781 1599 2859; x_wconf 88' lang='grc' dir='ltr'><em>παισθήσομαι.</em></span> 
     </span>
     <span class='ocr_line' id='line_1_21' title="bbox 428 2882 1602 2974; baseline 0 -24"><span class='ocrx_word' id='word_1_76' title='bbox 428 2884 534 2962; x_wconf 73' lang='lat' dir='ltr'>Nemo</span> <span class='ocrx_word' id='word_1_77' title='bbox 549 2884 635 2974; x_wconf 78' lang='lat' dir='ltr'><strong>apud</strong></span> <span class='ocrx_word' id='word_1_78' title='bbox 650 2884 778 2951; x_wconf 86' lang='lat' dir='ltr'>eosdem</span> <span class='ocrx_word' id='word_1_79' title='bbox 796 2882 875 2950; x_wconf 82' lang='lat' dir='ltr'><strong>vidit</strong></span> <span class='ocrx_word' id='word_1_80' title='bbox 891 2895 946 2949; x_wconf 75' lang='lat' dir='ltr'><em>aut</em></span> <span class='ocrx_word' id='word_1_81' title='bbox 963 2883 1096 2950; x_wconf 80' lang='lat' dir='ltr'>videbit:</span> <span class='ocrx_word' id='word_1_82' title='bbox 1113 2885 1243 2960; x_wconf 89' lang='grc' dir='ltr'><em>πλήσσω</em></span> <span class='ocrx_word' id='word_1_83' title='bbox 1257 2909 1297 2950; x_wconf 83' lang='lat' dir='ltr'><em>an</em></span> <span class='ocrx_word' id='word_1_84' title='bbox 1311 2887 1459 2963; x_wconf 89' lang='grc' dir='ltr'><em>πλήττω,</em></span> <span class='ocrx_word' id='word_1_85' title='bbox 1476 2885 1602 2962; x_wconf 77' lang='grc' dir='ltr'><em>πλήξω,</em></span> 
     </span>
     <span class='ocr_line' id='line_1_22' title="bbox 428 2988 1602 3070; baseline 0 -16"><span class='ocrx_word' id='word_1_86' title='bbox 428 2990 554 3068; x_wconf 77' lang='grc' dir='ltr'><em>ἔπληξα</em></span> <span class='ocrx_word' id='word_1_87' title='bbox 576 3003 630 3056; x_wconf 81' lang='lat' dir='ltr'><em>aut</em></span> <span class='ocrx_word' id='word_1_88' title='bbox 650 2991 809 3070; x_wconf 81' lang='grc' dir='ltr'><em>πέπληχα</em></span> <span class='ocrx_word' id='word_1_89' title='bbox 829 3001 884 3054; x_wconf 78' lang='lat' dir='ltr'><em>aut</em></span> <span class='ocrx_word' id='word_1_90' title='bbox 903 2990 1104 3070; x_wconf 90' lang='grc' dir='ltr'><em>πλήσσομαι,</em></span> <span class='ocrx_word' id='word_1_91' title='bbox 1122 2989 1321 3070; x_wconf 79' lang='grc' dir='ltr'><em>ἐπληξοίμην.</em></span> <span class='ocrx_word' id='word_1_92' title='bbox 1347 2991 1408 3055; x_wconf 88' lang='lat' dir='ltr'><em>Pro</em></span> <span class='ocrx_word' id='word_1_93' title='bbox 1429 2988 1477 3056; x_wconf 89' lang='lat' dir='ltr'><em>his</em></span> <span class='ocrx_word' id='word_1_94' title='bbox 1495 2990 1602 3056; x_wconf 86' lang='lat' dir='ltr'>omni-</span> 
     </span>
     <span class='ocr_line' id='line_1_23' title="bbox 384 3093 1603 3186; baseline 0.001 -26"><span class='ocrx_word' id='word_1_95' title='bbox 384 3137 390 3144; x_wconf 94' lang='lat'>·</span> <span class='ocrx_word' id='word_1_96' title='bbox 426 3096 492 3161; x_wconf 82' lang='lat' dir='ltr'><em>bus</em></span> <span class='ocrx_word' id='word_1_97' title='bbox 525 3119 635 3162; x_wconf 88' lang='lat' dir='ltr'>omnes</span> <span class='ocrx_word' id='word_1_98' title='bbox 664 3117 789 3184; x_wconf 78' lang='lat' dir='ltr'>semper</span> <span class='ocrx_word' id='word_1_99' title='bbox 817 3107 850 3160; x_wconf 79' lang='lat' dir='ltr'><em>et</em></span> <span class='ocrx_word' id='word_1_100' title='bbox 879 3093 1000 3182; x_wconf 85' lang='lat' dir='ltr'>ubique</span> <span class='ocrx_word' id='word_1_101' title='bbox 1030 3105 1163 3159; x_wconf 79' lang='lat' dir='ltr'>utuntur</span> <span class='ocrx_word' id='word_1_102' title='bbox 1193 3095 1230 3160; x_wconf 88' lang='lat' dir='ltr'><em>iis</em></span> <span class='ocrx_word' id='word_1_103' title='bbox 1260 3095 1490 3174; x_wconf 80' lang='lat' dir='ltr'>formissolis,</span> <span class='ocrx_word' id='word_1_104' title='bbox 1523 3118 1603 3186; x_wconf 82' lang='lat' dir='ltr'>quas</span> 
     </span>
     <span class='ocr_line' id='line_1_24' title="bbox 430 3203 575 3269; baseline 0.007 -2"><span class='ocrx_word' id='word_1_105' title='bbox 430 3203 575 3269; x_wconf 79' lang='lat' dir='ltr'>diximus.</span> 
     </span>
    </p>

    <p class='ocr_par' dir='ltr' id='par_1_11' title="bbox 430 3304 1607 4019">
     <span class='ocr_line' id='line_1_25' title="bbox 479 3304 1605 3400; baseline -0.002 -26"><span class='ocrx_word' id='word_1_106' title='bbox 479 3308 574 3400; x_wconf 77' lang='lat' dir='ltr'><strong>Apud</strong></span> <span class='ocrx_word' id='word_1_107' title='bbox 606 3307 795 3384; x_wconf 77' lang='grc' dir='ltr'><em>Ηοοιοιιοοι,</em></span> <span class='ocrx_word' id='word_1_108' title='bbox 822 3304 1034 3371; x_wconf 75' lang='grc' dir='ltr'><em>Ηιιιοουοιοιι</em></span> <span class='ocrx_word' id='word_1_109' title='bbox 1057 3317 1090 3370; x_wconf 80' lang='lat' dir='ltr'><em>et</em></span> <span class='ocrx_word' id='word_1_110' title='bbox 1115 3329 1240 3386; x_wconf 89' lang='lat' dir='ltr'>omnes,</span> <span class='ocrx_word' id='word_1_111' title='bbox 1264 3307 1321 3397; x_wconf 89' lang='lat' dir='ltr'><em>qui</em></span> <span class='ocrx_word' id='word_1_112' title='bbox 1339 3305 1445 3372; x_wconf 72' lang='lat' dir='ltr'>Ioniae</span> <span class='ocrx_word' id='word_1_113' title='bbox 1469 3305 1605 3398; x_wconf 85' lang='lat' dir='ltr'>seripse-</span> 
     </span>
     <span class='ocr_line' id='line_1_26' title="bbox 432 3410 1604 3498; baseline -0.003 -18"><span class='ocrx_word' id='word_1_114' title='bbox 432 3427 527 3494; x_wconf 81' lang='lat' dir='ltr'><strong>runt,</strong></span> <span class='ocrx_word' id='word_1_115' title='bbox 560 3415 594 3478; x_wconf 89' lang='lat' dir='ltr'><em>in</em></span> <span class='ocrx_word' id='word_1_116' title='bbox 628 3435 687 3478; x_wconf 85' lang='lat' dir='ltr'><em>usu</em></span> <span class='ocrx_word' id='word_1_117' title='bbox 720 3423 795 3476; x_wconf 86' lang='lat' dir='ltr'>sunt</span> <span class='ocrx_word' id='word_1_118' title='bbox 814 3411 951 3476; x_wconf 76' lang='lat' dir='ltr'>formae:</span> <span class='ocrx_word' id='word_1_119' title='bbox 976 3410 1082 3490; x_wconf 80' lang='grc' dir='ltr'><em>τιίήιω,</em></span> <span class='ocrx_word' id='word_1_120' title='bbox 1110 3410 1232 3491; x_wconf 82' lang='grc' dir='ltr'><em>ἐτνψα,</em></span> <span class='ocrx_word' id='word_1_121' title='bbox 1262 3413 1440 3498; x_wconf 79' lang='grc' dir='ltr'><em>τέτνμμαι,</em></span> <span class='ocrx_word' id='word_1_122' title='bbox 1468 3412 1604 3490; x_wconf 84' lang='grc' dir='ltr'><em>ἐτήπην,</em></span> 
     </span>
     <span class='ocr_line' id='line_1_27' title="bbox 430 3511 1603 3601; baseline -0.004 -15"><span class='ocrx_word' id='word_1_123' title='bbox 430 3519 601 3601; x_wconf 72' lang='grc' dir='ltr'><em>ἐτνψοίμην</em></span> <span class='ocrx_word' id='word_1_124' title='bbox 631 3530 664 3584; x_wconf 84' lang='lat' dir='ltr'><em>et</em></span> <span class='ocrx_word' id='word_1_125' title='bbox 693 3519 839 3593; x_wconf 91' lang='grc' dir='ltr'><em>πλήσσω,</em></span> <span class='ocrx_word' id='word_1_126' title='bbox 870 3511 1001 3592; x_wconf 79' lang='grc' dir='ltr'><em>πλήξω,</em></span> <span class='ocrx_word' id='word_1_127' title='bbox 1027 3513 1169 3592; x_wconf 78' lang='grc' dir='ltr'><em>ἔπληξα,</em></span> <span class='ocrx_word' id='word_1_128' title='bbox 1194 3515 1393 3595; x_wconf 77' lang='grc' dir='ltr'><em>ε’πληξοίμην.</em></span> <span class='ocrx_word' id='word_1_129' title='bbox 1441 3513 1603 3582; x_wconf 85' lang='grc' dir='ltr'><em>Παποίσσω</em></span> 
     </span>
     <span class='ocr_line' id='line_1_28' title="bbox 435 3622 1606 3710; baseline -0.004 -20"><span class='ocrx_word' id='word_1_130' title='bbox 435 3625 568 3691; x_wconf 91' lang='lat' dir='ltr'>Ionibus</span> <span class='ocrx_word' id='word_1_131' title='bbox 598 3636 647 3690; x_wconf 88' lang='lat' dir='ltr'><em>est</em></span> <span class='ocrx_word' id='word_1_132' title='bbox 673 3622 865 3700; x_wconf 86' lang='grc' dir='ltr'><em>σοίλλομαι,</em></span> <span class='ocrx_word' id='word_1_133' title='bbox 888 3622 1049 3710; x_wconf 71' lang='lat' dir='ltr'><em>pulpito:</em></span> <span class='ocrx_word' id='word_1_134' title='bbox 1065 3631 1111 3686; x_wconf 79' lang='grc' dir='ltr'><em>,οι</em></span> <span class='ocrx_word' id='word_1_135' title='bbox 1141 3624 1318 3710; x_wconf 84' lang='lat' dir='ltr'>composito</span> <span class='ocrx_word' id='word_1_136' title='bbox 1349 3632 1485 3686; x_wconf 86' lang='lat' dir='ltr'><strong>utuntur</strong></span> <span class='ocrx_word' id='word_1_137' title='bbox 1507 3622 1606 3686; x_wconf 85' lang='grc' dir='ltr'><em>ἐκπα-</em></span> 
     </span>
     <span class='ocr_line' id='line_1_29' title="bbox 434 3722 1607 3821; baseline -0.007 -23"><span class='ocrx_word' id='word_1_138' title='bbox 434 3730 543 3798; x_wconf 81' lang='grc' dir='ltr'><em>τοίσσω</em></span> <span class='ocrx_word' id='word_1_139' title='bbox 572 3753 631 3821; x_wconf 88' lang='lat' dir='ltr'><em>pro</em></span> <span class='ocrx_word' id='word_1_140' title='bbox 652 3728 837 3802; x_wconf 81' lang='grc' dir='ltr'><em>ἐκπλήττω,</em></span> <span class='ocrx_word' id='word_1_141' title='bbox 867 3723 954 3789; x_wconf 86' lang='lat' dir='ltr'>unde</span> <span class='ocrx_word' id='word_1_142' title='bbox 976 3722 1181 3802; x_wconf 79' lang='grc' dir='ltr'><em>ἕξετοίταξα,</em></span> <span class='ocrx_word' id='word_1_143' title='bbox 1206 3723 1463 3804; x_wconf 82' lang='grc' dir='ltr'><em>ἐκπεποίταγμαι</em></span> <span class='ocrx_word' id='word_1_144' title='bbox 1487 3735 1520 3790; x_wconf 85' lang='lat' dir='ltr'><em>et</em></span> <span class='ocrx_word' id='word_1_145' title='bbox 1541 3723 1607 3801; x_wconf 76' lang='grc' dir='ltr'><em>ἐξε-</em></span> 
     </span>
     <span class='ocr_line' id='line_1_30' title="bbox 435 3829 1605 3924; baseline -0.007 -22"><span class='ocrx_word' id='word_1_146' title='bbox 435 3835 610 3916; x_wconf 78' lang='grc' dir='ltr'><em>πατοίχθην</em></span> <span class='ocrx_word' id='word_1_147' title='bbox 640 3831 725 3924; x_wconf 81' lang='lat' dir='ltr'><strong>apud</strong></span> <span class='ocrx_word' id='word_1_148' title='bbox 756 3838 869 3922; x_wconf 71' lang='lat' dir='ltr'>poetes</span> <span class='ocrx_word' id='word_1_149' title='bbox 890 3840 1061 3894; x_wconf 79' lang='lat' dir='ltr'><strong>occurrunt</strong></span> <span class='ocrx_word' id='word_1_150' title='bbox 1080 3849 1139 3918; x_wconf 87' lang='lat' dir='ltr'><em>pro</em></span> <span class='ocrx_word' id='word_1_151' title='bbox 1155 3829 1332 3908; x_wconf 79' lang='grc' dir='ltr'><em>ἐξέπληξα,</em></span> <span class='ocrx_word' id='word_1_152' title='bbox 1353 3829 1605 3908; x_wconf 84' lang='grc' dir='ltr'><em>ἐκπίπληγμαι·,</em></span> 
     </span>
     <span class='ocr_line' id='line_1_31' title="bbox 435 3938 1041 4019; baseline -0.008 -14"><span class='ocrx_word' id='word_1_153' title='bbox 435 3938 651 4019; x_wconf 77' lang='grc' dir='ltr'><em>ἐξετινοθχθην.</em></span> <span class='ocrx_word' id='word_1_154' title='bbox 1037 3993 1041 4000; x_wconf 91' lang='grc'><em>.</em></span> 
     </span>
    </p>

    <p class='ocr_par' dir='ltr' id='par_1_12' title="bbox 434 4037 1609 4345">
     <span class='ocr_line' id='line_1_32' title="bbox 483 4037 1609 4133; baseline -0.001 -26"><span class='ocrx_word' id='word_1_155' title='bbox 483 4044 623 4132; x_wconf 78' lang='lat' dir='ltr'><strong>Tragici,</strong></span> <span class='ocrx_word' id='word_1_156' title='bbox 656 4037 929 4133; x_wconf 76' lang='lat' dir='ltr'>quemadmodum</span> <span class='ocrx_word' id='word_1_157' title='bbox 958 4037 992 4102; x_wconf 90' lang='lat' dir='ltr'><em>in</em></span> <span class='ocrx_word' id='word_1_158' title='bbox 1019 4037 1165 4104; x_wconf 86' lang='lat' dir='ltr'>omnibus</span> <span class='ocrx_word' id='word_1_159' title='bbox 1193 4037 1311 4117; x_wconf 80' lang='lat' dir='ltr'>solent,</span> <span class='ocrx_word' id='word_1_160' title='bbox 1345 4049 1480 4104; x_wconf 87' lang='lat' dir='ltr'><strong>utuntur</strong></span> <span class='ocrx_word' id='word_1_161' title='bbox 1500 4040 1609 4106; x_wconf 86' lang='lat' dir='ltr'>formis</span> 
     </span>
     <span class='ocr_line' id='line_1_33' title="bbox 437 4141 1606 4233; baseline -0.002 -21"><span class='ocrx_word' id='word_1_162' title='bbox 437 4147 555 4214; x_wconf 86' lang='lat' dir='ltr'>Ionicis</span> <span class='ocrx_word' id='word_1_163' title='bbox 575 4160 607 4214; x_wconf 84' lang='lat' dir='ltr'><em>et</em></span> <span class='ocrx_word' id='word_1_164' title='bbox 625 4147 739 4214; x_wconf 76' lang='lat' dir='ltr'>Atticis</span> <span class='ocrx_word' id='word_1_165' title='bbox 758 4145 842 4210; x_wconf 85' lang='lat' dir='ltr'>inter</span> <span class='ocrx_word' id='word_1_166' title='bbox 859 4167 892 4208; x_wconf 89' lang='lat' dir='ltr'><em>se</em></span> <span class='ocrx_word' id='word_1_167' title='bbox 910 4141 1089 4233; x_wconf 83' lang='lat' dir='ltr'>permistis,</span> <span class='ocrx_word' id='word_1_168' title='bbox 1110 4142 1226 4233; x_wconf 86' lang='lat' dir='ltr'>quibus</span> <span class='ocrx_word' id='word_1_169' title='bbox 1248 4143 1441 4213; x_wconf 75' lang='lat' dir='ltr'>addiderunt</span> <span class='ocrx_word' id='word_1_170' title='bbox 1459 4144 1606 4222; x_wconf 73' lang='grc' dir='ltr'><em>ἐπαίσθην</em></span> 
     </span>
     <span class='ocr_line' id='line_1_34' title="bbox 434 4247 1111 4345; baseline -0.007 -24"><span class='ocrx_word' id='word_1_171' title='bbox 434 4277 495 4345; x_wconf 82' lang='lat' dir='ltr'><em>pro</em></span> <span class='ocrx_word' id='word_1_172' title='bbox 520 4256 674 4332; x_wconf 76' lang='grc' dir='ltr'><em>ἐπλήγην,</em></span> <span class='ocrx_word' id='word_1_173' title='bbox 711 4254 903 4326; x_wconf 75' lang='lat' dir='ltr'>Assosnus</span> <span class='ocrx_word' id='word_1_174' title='bbox 922 4247 1013 4339; x_wconf 80' lang='lat' dir='ltr'><em>Sept.</em></span> <span class='ocrx_word' id='word_1_175' title='bbox 1035 4252 1111 4316; x_wconf 88' lang='grc'><strong>961.</strong></span> 
     </span>
    </p>

    <p class='ocr_par' dir='ltr' id='par_1_13' title="bbox 435 4355 1608 4763">
     <span class='ocr_line' id='line_1_35' title="bbox 593 4355 1447 4430; baseline 0 -7"><span class='ocrx_word' id='word_1_176' title='bbox 593 4359 734 4429; x_wconf 76' lang='grc' dir='ltr'><em>παισθεὶς</em></span> <span class='ocrx_word' id='word_1_177' title='bbox 759 4356 907 4430; x_wconf 80' lang='grc' dir='ltr'><em>ἔπαισας.</em></span> <span class='ocrx_word' id='word_1_178' title='bbox 928 4395 967 4407; x_wconf 90' lang='grc'>-</span> <span class='ocrx_word' id='word_1_179' title='bbox 987 4358 1025 4422; x_wconf 82' lang='grc' dir='ltr'><em>σὺ</em></span> <span class='ocrx_word' id='word_1_180' title='bbox 1050 4358 1077 4422; x_wconf 81' lang='grc' dir='ltr'><em>δ’</em></span> <span class='ocrx_word' id='word_1_181' title='bbox 1100 4355 1204 4428; x_wconf 78' lang='grc' dir='ltr'><em>ἔθανες</em></span> <span class='ocrx_word' id='word_1_182' title='bbox 1229 4359 1447 4424; x_wconf 81' lang='grc' dir='ltr'><em>κατακτανών.</em></span> 
     </span>
     <span class='ocr_line' id='line_1_36' title="bbox 437 4460 1606 4556; baseline -0.004 -26"><span class='ocrx_word' id='word_1_183' title='bbox 437 4487 519 4556; x_wconf 81' lang='lat' dir='ltr'>quae</span> <span class='ocrx_word' id='word_1_184' title='bbox 547 4465 659 4554; x_wconf 78' lang='lat' dir='ltr'>lingua</span> <span class='ocrx_word' id='word_1_185' title='bbox 686 4462 835 4553; x_wconf 86' lang='lat' dir='ltr'>populari</span> <span class='ocrx_word' id='word_1_186' title='bbox 866 4462 972 4527; x_wconf 79' lang='lat' dir='ltr'>Attica</span> <span class='ocrx_word' id='word_1_187' title='bbox 1000 4474 1090 4528; x_wconf 81' lang='lat' dir='ltr'>erant</span> <span class='ocrx_word' id='word_1_188' title='bbox 1119 4460 1256 4531; x_wconf 85' lang='lat' dir='ltr'>dicenda</span> <span class='ocrx_word' id='word_1_189' title='bbox 1285 4462 1318 4526; x_wconf 88' lang='lat' dir='ltr'><em>in</em></span> <span class='ocrx_word' id='word_1_190' title='bbox 1347 4461 1434 4528; x_wconf 84' lang='lat' dir='ltr'>hune</span> <span class='ocrx_word' id='word_1_191' title='bbox 1455 4460 1606 4528; x_wconf 88' lang='lat' dir='ltr'>modum:</span> 
     </span>
     <span class='ocr_line' id='line_1_37' title="bbox 435 4567 1608 4660; baseline 0 -25"><span class='ocrx_word' id='word_1_192' title='bbox 435 4569 571 4649; x_wconf 80' lang='grc' dir='ltr'><em>πληγείς</em></span> <span class='ocrx_word' id='word_1_193' title='bbox 605 4567 783 4645; x_wconf 76' lang='grc' dir='ltr'><em>ἐποίταξας.</em></span> <span class='ocrx_word' id='word_1_194' title='bbox 817 4569 855 4633; x_wconf 85' lang='grc' dir='ltr'><em>σὺ</em></span> <span class='ocrx_word' id='word_1_195' title='bbox 886 4568 917 4633; x_wconf 77' lang='grc' dir='ltr'><em>δέ</em></span> <span class='ocrx_word' id='word_1_196' title='bbox 943 4571 977 4648; x_wconf 87' lang='grc' dir='ltr'><em>γ’</em></span> <span class='ocrx_word' id='word_1_197' title='bbox 1001 4568 1155 4641; x_wconf 78' lang='grc' dir='ltr'><em>οίπέθανες</em></span> <span class='ocrx_word' id='word_1_198' title='bbox 1185 4568 1386 4642; x_wconf 83' lang='grc' dir='ltr'><em>οίποατείνας.</em></span> <span class='ocrx_word' id='word_1_199' title='bbox 1437 4569 1608 4660; x_wconf 28' lang='lat' dir='ltr'>&#39;singulare</span> 
     </span>
     <span class='ocr_line' id='line_1_38' title="bbox 436 4674 1608 4763; baseline 0 -23"><span class='ocrx_word' id='word_1_200' title='bbox 436 4687 482 4740; x_wconf 74' lang='lat' dir='ltr'><em>est</em></span> <span class='ocrx_word' id='word_1_201' title='bbox 501 4676 534 4740; x_wconf 88' lang='lat' dir='ltr'><em>in</em></span> <span class='ocrx_word' id='word_1_202' title='bbox 555 4675 753 4763; x_wconf 74' lang='lat' dir='ltr'><em>lysistrala</em></span> <span class='ocrx_word' id='word_1_203' title='bbox 773 4675 847 4740; x_wconf 86' lang='lat'><strong>459.</strong></span> <span class='ocrx_word' id='word_1_204' title='bbox 870 4675 902 4739; x_wconf 80' lang='grc' dir='ltr'><em>οὐ</em></span> <span class='ocrx_word' id='word_1_205' title='bbox 928 4675 1100 4749; x_wconf 82' lang='grc' dir='ltr'><em>παιήσετε,</em></span> <span class='ocrx_word' id='word_1_206' title='bbox 1122 4685 1153 4740; x_wconf 76' lang='lat' dir='ltr'><em>et</em></span> <span class='ocrx_word' id='word_1_207' title='bbox 1176 4674 1208 4738; x_wconf 87' lang='lat' dir='ltr'><em>in</em></span> <span class='ocrx_word' id='word_1_208' title='bbox 1230 4674 1378 4741; x_wconf 79' lang='lat' dir='ltr'><em>Nubibus</em></span> <span class='ocrx_word' id='word_1_209' title='bbox 1400 4677 1496 4744; x_wconf 84' lang='lat'>1125.</span> <span class='ocrx_word' id='word_1_210' title='bbox 1516 4674 1608 4750; x_wconf 91' lang='grc' dir='ltr'><em>παιή-</em></span> 
     </span>
    </p>
   </div>
   <div class='ocr_carea' id='block_1_6' title="bbox 0 0 1909 5717">
    <p class='ocr_par' dir='ltr' id='par_1_14' title="bbox 0 0 1909 5717">
     <span class='ocr_line' id='line_1_39' title="bbox 0 0 1909 5717; baseline 0 0"><span class='ocrx_word' id='word_1_211' title='bbox 0 0 1909 5717; x_wconf 95' lang='lat' dir='ltr'><em> </em></span> 
     </span>
    </p>
   </div>
  </div>
 </body>
</html>
