<?xml version="1.0" encoding="UTF-8"?>
<!DOCTYPE html PUBLIC "-//W3C//DTD XHTML 1.0 Transitional//EN"
    "http://www.w3.org/TR/xhtml1/DTD/xhtml1-transitional.dtd">
<html xmlns="http://www.w3.org/1999/xhtml" xml:lang="en" lang="en">
 <head>
  <title>
</title>
<meta http-equiv="Content-Type" content="text/html;charset=utf-8" />
  <meta name='ocr-system' content='tesseract 3.04.00' />
  <meta name='ocr-capabilities' content='ocr_page ocr_carea ocr_par ocr_line ocrx_word'/>
</head>
<body>
  <div class='ocr_page' id='page_1' title='image "./variaelectiones02cobegoog_0234.png"; bbox 0 0 3767 5717; ppageno 0'>
   <div class='ocr_carea' id='block_1_1' title="bbox 954 598 1023 663">
    <p class='ocr_par' dir='ltr' id='par_1_1' title="bbox 954 598 1023 663">
     <span class='ocr_line' id='line_1_1' title="bbox 954 598 1023 663; baseline 0 0"><span class='ocrx_word' id='word_1_1' title='bbox 954 598 1023 663; x_wconf 77' lang='grc'><strong>220</strong></span> 
     </span>
    </p>
   </div>
   <div class='ocr_carea' id='block_1_2' title="bbox 325 789 1613 4795">
    <p class='ocr_par' dir='ltr' id='par_1_2' title="bbox 325 789 1596 3318">
     <span class='ocr_line' id='line_1_2' title="bbox 402 789 1590 886; baseline -0.004 -22"><span class='ocrx_word' id='word_1_2' title='bbox 402 798 521 881; x_wconf 63' lang='lat' dir='ltr'><strong>reaper</strong></span> <span class='ocrx_word' id='word_1_3' title='bbox 543 793 684 883; x_wconf 68' lang='grc' dir='ltr'><em>βαδίζει,</em></span> <span class='ocrx_word' id='word_1_4' title='bbox 696 794 768 860; x_wconf 87' lang='lat' dir='ltr'><strong>&#39;im&#39;o</strong></span> <span class='ocrx_word' id='word_1_5' title='bbox 788 814 864 861; x_wconf 86' lang='lat' dir='ltr'><strong>rero</strong></span> <span class='ocrx_word' id='word_1_6' title='bbox 885 791 1105 874; x_wconf 72' lang='grc' dir='ltr'><em>διηγουμένου.</em></span> <span class='ocrx_word' id='word_1_7' title='bbox 1135 790 1175 859; x_wconf 88' lang='lat' dir='ltr'><strong>In</strong></span> <span class='ocrx_word' id='word_1_8' title='bbox 1196 789 1357 861; x_wconf 69' lang='lat' dir='ltr'><strong>cnm</strong></span> <span class='ocrx_word' id='word_1_9' title='bbox 1373 812 1480 886; x_wconf 60' lang='lat' dir='ltr'><strong>capp„</strong></span> <span class='ocrx_word' id='word_1_10' title='bbox 1492 797 1534 863; x_wconf 90' lang='grc'><strong>19</strong></span> <span class='ocrx_word' id='word_1_11' title='bbox 1553 803 1590 861; x_wconf 82' lang='lat' dir='ltr'><strong>et</strong></span> 
     </span>
     <span class='ocr_line' id='line_1_3' title="bbox 405 896 1587 989; baseline -0.003 -20"><span class='ocrx_word' id='word_1_12' title='bbox 405 906 459 970; x_wconf 92' lang='grc'><strong>27.</strong></span> <span class='ocrx_word' id='word_1_13' title='bbox 477 903 632 983; x_wconf 78' lang='grc' dir='ltr'><em>ἐξανέγνω</em></span> <span class='ocrx_word' id='word_1_14' title='bbox 649 912 682 968; x_wconf 87' lang='lat' dir='ltr'><strong>ot</strong></span> <span class='ocrx_word' id='word_1_15' title='bbox 700 898 926 979; x_wconf 67' lang='grc' dir='ltr'><strong>ἐξαναγνόντος</strong></span> <span class='ocrx_word' id='word_1_16' title='bbox 949 896 1136 989; x_wconf 78' lang='lat' dir='ltr'><strong>corrigenda</strong></span> <span class='ocrx_word' id='word_1_17' title='bbox 1156 899 1281 967; x_wconf 84' lang='lat' dir='ltr'><strong>&#39;auntin</strong></span> <span class='ocrx_word' id='word_1_18' title='bbox 1296 897 1446 979; x_wconf 77' lang='grc' dir='ltr'><em>διανθγνω</em></span> <span class='ocrx_word' id='word_1_19' title='bbox 1466 900 1587 967; x_wconf 57' lang='lat' dir='ltr'><strong>arnna</strong></span> 
     </span>
     <span class='ocr_line' id='line_1_4' title="bbox 400 1002 1589 1095; baseline -0.003 -22"><span class='ocrx_word' id='word_1_20' title='bbox 400 1008 584 1087; x_wconf 85' lang='grc' dir='ltr'><em>ναγνθντος,</em></span> <span class='ocrx_word' id='word_1_21' title='bbox 619 1018 651 1073; x_wconf 91' lang='lat' dir='ltr'><strong>et</strong></span> <span class='ocrx_word' id='word_1_22' title='bbox 672 1006 706 1072; x_wconf 92' lang='lat' dir='ltr'><strong>in</strong></span> <span class='ocrx_word' id='word_1_23' title='bbox 727 1002 852 1071; x_wconf 83' lang='lat' dir='ltr'><strong>Catone</strong></span> <span class='ocrx_word' id='word_1_24' title='bbox 872 1008 1003 1072; x_wconf 82' lang='lat' dir='ltr'><strong>minore</strong></span> <span class='ocrx_word' id='word_1_25' title='bbox 1023 1027 1093 1095; x_wconf 90' lang='lat' dir='ltr'><strong>oap.</strong></span> <span class='ocrx_word' id='word_1_26' title='bbox 1113 1008 1169 1073; x_wconf 89' lang='grc'><strong>68.</strong></span> <span class='ocrx_word' id='word_1_27' title='bbox 1188 1005 1380 1086; x_wconf 84' lang='grc' dir='ltr'><em>ἐξαναγνοὺς</em></span> <span class='ocrx_word' id='word_1_28' title='bbox 1400 1004 1436 1069; x_wconf 85' lang='grc' dir='ltr'><strong>τδ</strong></span> <span class='ocrx_word' id='word_1_29' title='bbox 1457 1003 1589 1084; x_wconf 82' lang='grc' dir='ltr'><em>βιβλίον</em></span> 
     </span>
     <span class='ocr_line' id='line_1_5' title="bbox 405 1107 1589 1201; baseline -0.006 -22"><span class='ocrx_word' id='word_1_30' title='bbox 405 1113 441 1179; x_wconf 89' lang='lat' dir='ltr'><strong>in</strong></span> <span class='ocrx_word' id='word_1_31' title='bbox 470 1113 671 1193; x_wconf 74' lang='grc' dir='ltr'><em>διαναγνοὺς,</em></span> <span class='ocrx_word' id='word_1_32' title='bbox 697 1133 762 1201; x_wconf 88' lang='lat' dir='ltr'><strong>quo</strong></span> <span class='ocrx_word' id='word_1_33' title='bbox 785 1110 871 1177; x_wconf 79' lang='lat' dir='ltr'><strong>sueto</strong></span> <span class='ocrx_word' id='word_1_34' title='bbox 896 1111 1028 1179; x_wconf 78' lang='lat' dir='ltr'><strong>verbum</strong></span> <span class='ocrx_word' id='word_1_35' title='bbox 1044 1110 1329 1191; x_wconf 84' lang='grc' dir='ltr'><em>ε’ξαναγιγνώσκειν</em></span> <span class='ocrx_word' id='word_1_36' title='bbox 1345 1108 1503 1201; x_wconf 69' lang='lat' dir='ltr'><strong>eLexiein</strong></span> <span class='ocrx_word' id='word_1_37' title='bbox 1519 1107 1589 1174; x_wconf 85' lang='lat' dir='ltr'><strong>exi·</strong></span> 
     </span>
     <span class='ocr_line' id='line_1_6' title="bbox 406 1213 1591 1306; baseline -0.003 -23"><span class='ocrx_word' id='word_1_38' title='bbox 406 1216 560 1291; x_wconf 87' lang='lat' dir='ltr'><strong>mendum</strong></span> <span class='ocrx_word' id='word_1_39' title='bbox 581 1241 649 1283; x_wconf 84' lang='lat' dir='ltr'><strong>esse</strong></span> <span class='ocrx_word' id='word_1_40' title='bbox 671 1239 794 1283; x_wconf 83' lang='lat' dir='ltr'><strong>censeo.</strong></span> <span class='ocrx_word' id='word_1_41' title='bbox 847 1214 886 1281; x_wconf 85' lang='lat' dir='ltr'><strong>in</strong></span> <span class='ocrx_word' id='word_1_42' title='bbox 906 1215 1084 1283; x_wconf 79' lang='lat' dir='ltr'><strong>Alo‘ibiade</strong></span> <span class='ocrx_word' id='word_1_43' title='bbox 1104 1222 1134 1281; x_wconf 80' lang='grc' dir='ltr'><strong>ὅ.</strong></span> <span class='ocrx_word' id='word_1_44' title='bbox 1153 1238 1211 1306; x_wconf 88' lang='lat' dir='ltr'><strong>pro</strong></span> <span class='ocrx_word' id='word_1_45' title='bbox 1232 1215 1463 1296; x_wconf 71' lang='grc' dir='ltr'><strong>ἐξηπορήθησαν</strong></span> <span class='ocrx_word' id='word_1_46' title='bbox 1484 1213 1591 1281; x_wconf 81' lang='lat' dir='ltr'><strong>scribo</strong></span> 
     </span>
     <span class='ocr_line' id='line_1_7' title="bbox 407 1319 1594 1412; baseline -0.003 -24"><span class='ocrx_word' id='word_1_47' title='bbox 407 1324 631 1403; x_wconf 78' lang='grc' dir='ltr'><em>διητορηθησαν</em></span> <span class='ocrx_word' id='word_1_48' title='bbox 653 1334 685 1387; x_wconf 91' lang='lat' dir='ltr'><strong>et</strong></span> <span class='ocrx_word' id='word_1_49' title='bbox 706 1342 775 1411; x_wconf 82' lang='lat' dir='ltr'><strong>cap.</strong></span> <span class='ocrx_word' id='word_1_50' title='bbox 797 1324 851 1388; x_wconf 87' lang='grc'><strong>37.</strong></span> <span class='ocrx_word' id='word_1_51' title='bbox 869 1322 1018 1404; x_wconf 74' lang='grc' dir='ltr'><em>διέφυγον</em></span> <span class='ocrx_word' id='word_1_52' title='bbox 1037 1343 1097 1412; x_wconf 86' lang='lat' dir='ltr'><strong>pro</strong></span> <span class='ocrx_word' id='word_1_53' title='bbox 1115 1322 1284 1404; x_wconf 80' lang='grc' dir='ltr'><em>ἐξέφυγον.</em></span> <span class='ocrx_word' id='word_1_54' title='bbox 1311 1319 1350 1388; x_wconf 89' lang='lat' dir='ltr'><strong>In</strong></span> <span class='ocrx_word' id='word_1_55' title='bbox 1369 1319 1594 1412; x_wconf 78' lang='lat' dir='ltr'><strong>Luculloeap.</strong></span> 
     </span>
     <span class='ocr_line' id='line_1_8' title="bbox 411 1425 1590 1518; baseline -0.001 -26"><span class='ocrx_word' id='word_1_56' title='bbox 411 1432 462 1493; x_wconf 82' lang='lat'><strong>13.</strong></span> <span class='ocrx_word' id='word_1_57' title='bbox 482 1427 551 1517; x_wconf 78' lang='lat' dir='ltr'><strong>lege</strong></span> <span class='ocrx_word' id='word_1_58' title='bbox 568 1428 692 1504; x_wconf 86' lang='grc' dir='ltr'><em>διεσώθη</em></span> <span class='ocrx_word' id='word_1_59' title='bbox 710 1449 769 1518; x_wconf 93' lang='lat' dir='ltr'><strong>pro</strong></span> <span class='ocrx_word' id='word_1_60' title='bbox 789 1427 919 1505; x_wconf 87' lang='grc' dir='ltr'><em>ἐξεσώθη</em></span> <span class='ocrx_word' id='word_1_61' title='bbox 941 1439 974 1493; x_wconf 89' lang='lat' dir='ltr'><strong>et</strong></span> <span class='ocrx_word' id='word_1_62' title='bbox 991 1427 1028 1493; x_wconf 88' lang='lat' dir='ltr'><strong>in</strong></span> <span class='ocrx_word' id='word_1_63' title='bbox 1047 1428 1158 1495; x_wconf 77' lang='lat' dir='ltr'><strong>Arato</strong></span> <span class='ocrx_word' id='word_1_64' title='bbox 1173 1448 1242 1518; x_wconf 85' lang='lat' dir='ltr'><strong>cap.</strong></span> <span class='ocrx_word' id='word_1_65' title='bbox 1263 1431 1314 1493; x_wconf 82' lang='lat'><strong>13.</strong></span> <span class='ocrx_word' id='word_1_66' title='bbox 1329 1449 1389 1518; x_wconf 82' lang='lat' dir='ltr'><strong>pro</strong></span> <span class='ocrx_word' id='word_1_67' title='bbox 1399 1425 1590 1508; x_wconf 78' lang='grc' dir='ltr'><em>διήλειψενό</em></span> 
     </span>
     <span class='ocr_line' id='line_1_9' title="bbox 407 1532 1591 1623; baseline -0.002 -26"><span class='ocrx_word' id='word_1_68' title='bbox 407 1532 559 1611; x_wconf 83' lang='grc' dir='ltr'><em>Νεώλκης</em></span> <span class='ocrx_word' id='word_1_69' title='bbox 580 1534 633 1598; x_wconf 77' lang='grc' dir='ltr'><strong>τὸν</strong></span> <span class='ocrx_word' id='word_1_70' title='bbox 652 1534 854 1616; x_wconf 81' lang='grc' dir='ltr'><em>Ἀρθςρατον,</em></span> <span class='ocrx_word' id='word_1_71' title='bbox 873 1534 949 1623; x_wconf 86' lang='lat' dir='ltr'><strong>quia</strong></span> <span class='ocrx_word' id='word_1_72' title='bbox 967 1556 1064 1599; x_wconf 91' lang='lat' dir='ltr'><strong>nemo</strong></span> <span class='ocrx_word' id='word_1_73' title='bbox 1079 1534 1233 1616; x_wconf 77' lang='grc' dir='ltr'><em>διαλείφιο</em></span> <span class='ocrx_word' id='word_1_74' title='bbox 1254 1532 1459 1599; x_wconf 83' lang='lat' dir='ltr'><strong>dicebat&#39;sed</strong></span> <span class='ocrx_word' id='word_1_75' title='bbox 1480 1551 1591 1598; x_wconf 83' lang='lat' dir='ltr'><strong>omnes</strong></span> 
     </span>
     <span class='ocr_line' id='line_1_10' title="bbox 410 1633 1593 1721; baseline 0 -20"><span class='ocrx_word' id='word_1_76' title='bbox 410 1636 585 1721; x_wconf 79' lang='grc' dir='ltr'><em>ἐξαλείφω,</em></span> <span class='ocrx_word' id='word_1_77' title='bbox 610 1638 746 1705; x_wconf 90' lang='lat' dir='ltr'><strong>emenda</strong></span> <span class='ocrx_word' id='word_1_78' title='bbox 767 1639 943 1721; x_wconf 74' lang='grc' dir='ltr'><em>ἐξήλειφεν.</em></span> <span class='ocrx_word' id='word_1_79' title='bbox 973 1663 1015 1705; x_wconf 88' lang='lat' dir='ltr'><strong>ne</strong></span> <span class='ocrx_word' id='word_1_80' title='bbox 1040 1640 1123 1705; x_wconf 87' lang='lat' dir='ltr'><strong>forte</strong></span> <span class='ocrx_word' id='word_1_81' title='bbox 1143 1638 1254 1705; x_wconf 81' lang='lat' dir='ltr'><strong>eredas</strong></span> <span class='ocrx_word' id='word_1_82' title='bbox 1276 1640 1480 1706; x_wconf 78' lang='lat' dir='ltr'><strong>Peurrncno</strong></span> <span class='ocrx_word' id='word_1_83' title='bbox 1502 1633 1593 1703; x_wconf 87' lang='lat' dir='ltr'><strong>aliud</strong></span> 
     </span>
     <span class='ocr_line' id='line_1_11' title="bbox 412 1740 1592 1836; baseline 0.001 -28"><span class='ocrx_word' id='word_1_84' title='bbox 412 1744 628 1832; x_wconf 87' lang='lat' dir='ltr'><strong>compositum</strong></span> <span class='ocrx_word' id='word_1_85' title='bbox 650 1768 747 1834; x_wconf 87' lang='lat' dir='ltr'><strong>quam</strong></span> <span class='ocrx_word' id='word_1_86' title='bbox 767 1744 900 1810; x_wconf 85' lang='lat' dir='ltr'><strong>caeteris</strong></span> <span class='ocrx_word' id='word_1_87' title='bbox 918 1745 1066 1811; x_wconf 77' lang='lat' dir='ltr'><strong>omnibus</strong></span> <span class='ocrx_word' id='word_1_88' title='bbox 1086 1744 1244 1836; x_wconf 80' lang='lat' dir='ltr'><strong>pluouiose</strong></span> <span class='ocrx_word' id='word_1_89' title='bbox 1265 1742 1483 1811; x_wconf 82' lang='lat' dir='ltr'><strong>animadverte</strong></span> <span class='ocrx_word' id='word_1_90' title='bbox 1503 1740 1592 1832; x_wconf 87' lang='lat' dir='ltr'><strong>quod</strong></span> 
     </span>
     <span class='ocr_line' id='line_1_12' title="bbox 413 1848 1590 1940; baseline 0 -27"><span class='ocrx_word' id='word_1_91' title='bbox 413 1848 568 1914; x_wconf 83' lang='lat' dir='ltr'><strong>eontinuo</strong></span> <span class='ocrx_word' id='word_1_92' title='bbox 589 1850 752 1940; x_wconf 76' lang='lat' dir='ltr'><strong>sequitura</strong></span> <span class='ocrx_word' id='word_1_93' title='bbox 776 1851 847 1924; x_wconf 80' lang='grc' dir='ltr'><em>τοὺς</em></span> <span class='ocrx_word' id='word_1_94' title='bbox 876 1852 907 1916; x_wconf 79' lang='grc' dir='ltr'><strong>δὲ</strong></span> <span class='ocrx_word' id='word_1_95' title='bbox 931 1850 1030 1925; x_wconf 89' lang='grc' dir='ltr'><em>πθδας</em></span> <span class='ocrx_word' id='word_1_96' title='bbox 1055 1850 1302 1933; x_wconf 69' lang='grc' dir='ltr'><em>ἐξαλειφομένου</em></span> <span class='ocrx_word' id='word_1_97' title='bbox 1328 1855 1391 1915; x_wconf 75' lang='grc' dir='ltr'><em>τοῖν</em></span> <span class='ocrx_word' id='word_1_98' title='bbox 1405 1848 1590 1931; x_wconf 80' lang='grc' dir='ltr'><em>’Λριςροθτου</em></span> 
     </span>
     <span class='ocr_line' id='line_1_13' title="bbox 397 1953 1592 2040; baseline -0.003 -19"><span class='ocrx_word' id='word_1_99' title='bbox 397 1956 571 2021; x_wconf 83' lang='grc' dir='ltr'><em>διαλαθεῖν</em></span> <span class='ocrx_word' id='word_1_100' title='bbox 604 1956 663 2021; x_wconf 75' lang='grc' dir='ltr'><strong>ὑπὸ</strong></span> <span class='ocrx_word' id='word_1_101' title='bbox 699 1957 733 2022; x_wconf 85' lang='grc' dir='ltr'><strong>τδ</strong></span> <span class='ocrx_word' id='word_1_102' title='bbox 768 1954 857 2038; x_wconf 80' lang='grc' dir='ltr'><em>ώρροα</em></span> <span class='ocrx_word' id='word_1_103' title='bbox 883 1954 1042 2035; x_wconf 76' lang='grc' dir='ltr'><em>λέγουσιν.</em></span> <span class='ocrx_word' id='word_1_104' title='bbox 1089 1954 1129 2021; x_wconf 91' lang='lat' dir='ltr'><strong>In</strong></span> <span class='ocrx_word' id='word_1_105' title='bbox 1151 1958 1169 2040; x_wconf 85' lang='lat'><em>§</em></span> <span class='ocrx_word' id='word_1_106' title='bbox 1194 1958 1245 2022; x_wconf 85' lang='grc'><strong>17.</strong></span> <span class='ocrx_word' id='word_1_107' title='bbox 1267 1953 1392 2033; x_wconf 63' lang='lat' dir='ltr'><strong>adederat</strong></span> <span class='ocrx_word' id='word_1_108' title='bbox 1418 1954 1471 2019; x_wconf 76' lang='lat' dir='ltr'><strong>nori</strong></span> <span class='ocrx_word' id='word_1_109' title='bbox 1495 1953 1592 2033; x_wconf 80' lang='grc' dir='ltr'><em>μηδὲν</em></span> 
     </span>
     <span class='ocr_line' id='line_1_14' title="bbox 411 2057 1593 2144; baseline 0.001 -20"><span class='ocrx_word' id='word_1_110' title='bbox 411 2057 499 2143; x_wconf 74' lang='grc' dir='ltr'><em>εἴπης</em></span> <span class='ocrx_word' id='word_1_111' title='bbox 528 2065 670 2144; x_wconf 80' lang='grc' dir='ltr'><em>φλαῦρον</em></span> <span class='ocrx_word' id='word_1_112' title='bbox 705 2064 772 2127; x_wconf 76' lang='grc' dir='ltr'><em>θεοῦ</em></span> <span class='ocrx_word' id='word_1_113' title='bbox 805 2060 905 2139; x_wconf 81' lang='grc' dir='ltr'><em>δεξιοῦ</em></span> <span class='ocrx_word' id='word_1_114' title='bbox 937 2059 1202 2128; x_wconf 69' lang='lat' dir='ltr'><strong>Amsrol’ttartnrt</strong></span> <span class='ocrx_word' id='word_1_115' title='bbox 1231 2060 1382 2127; x_wconf 81' lang='lat' dir='ltr'><strong>describit</strong></span> <span class='ocrx_word' id='word_1_116' title='bbox 1407 2060 1492 2127; x_wconf 74' lang='lat' dir='ltr'><strong>Not.</strong></span> <span class='ocrx_word' id='word_1_117' title='bbox 1514 2064 1593 2127; x_wconf 79' lang='lat'><strong>833.</strong></span> 
     </span>
     <span class='ocr_line' id='line_1_15' title="bbox 408 2163 1592 2253; baseline 0 -24"><span class='ocrx_word' id='word_1_118' title='bbox 408 2163 540 2244; x_wconf 73' lang='grc' dir='ltr'><em>εθςθμει</em></span> <span class='ocrx_word' id='word_1_119' title='bbox 569 2168 630 2232; x_wconf 76' lang='grc' dir='ltr'><em>Καὶ</em></span> <span class='ocrx_word' id='word_1_120' title='bbox 663 2166 759 2245; x_wconf 78' lang='grc' dir='ltr'><em>μηδὲν</em></span> <span class='ocrx_word' id='word_1_121' title='bbox 782 2165 869 2249; x_wconf 75' lang='grc' dir='ltr'><em>εἴπης</em></span> <span class='ocrx_word' id='word_1_122' title='bbox 893 2171 1037 2249; x_wconf 81' lang='grc' dir='ltr'><em>φλαῦρον</em></span> <span class='ocrx_word' id='word_1_123' title='bbox 1060 2166 1174 2249; x_wconf 75' lang='grc' dir='ltr'><em>ἄνδρας</em></span> <span class='ocrx_word' id='word_1_124' title='bbox 1198 2167 1329 2245; x_wconf 83' lang='grc' dir='ltr'><em>δεξιούς,</em></span> <span class='ocrx_word' id='word_1_125' title='bbox 1356 2164 1443 2233; x_wconf 91' lang='lat' dir='ltr'><strong>unde</strong></span> <span class='ocrx_word' id='word_1_126' title='bbox 1467 2165 1592 2253; x_wconf 75' lang='lat' dir='ltr'>corrige</span> 
     </span>
     <span class='ocr_line' id='line_1_16' title="bbox 409 2270 1587 2361; baseline 0.003 -28"><span class='ocrx_word' id='word_1_127' title='bbox 409 2270 494 2342; x_wconf 83' lang='grc' dir='ltr'><em>θεοὺς</em></span> <span class='ocrx_word' id='word_1_128' title='bbox 526 2270 655 2349; x_wconf 79' lang='grc' dir='ltr'><em>δεξιούς.</em></span> <span class='ocrx_word' id='word_1_129' title='bbox 703 2270 851 2361; x_wconf 87' lang='lat' dir='ltr'><strong>Denique</strong></span> <span class='ocrx_word' id='word_1_130' title='bbox 877 2270 911 2335; x_wconf 91' lang='lat' dir='ltr'><strong>in</strong></span> <span class='ocrx_word' id='word_1_131' title='bbox 941 2274 960 2358; x_wconf 65' lang='grc' dir='ltr'><strong>ς</strong></span> <span class='ocrx_word' id='word_1_132' title='bbox 991 2274 1044 2338; x_wconf 93' lang='grc'><strong>21.</strong></span> <span class='ocrx_word' id='word_1_133' title='bbox 1071 2272 1229 2353; x_wconf 74' lang='grc' dir='ltr'><em>τριβώνιον</em></span> <span class='ocrx_word' id='word_1_134' title='bbox 1266 2271 1587 2352; x_wconf 67' lang='grc' dir='ltr'><em>ἔχιονπολώσαθρον.</em></span> 
     </span>
     <span class='ocr_line' id='line_1_17' title="bbox 409 2372 1594 2466; baseline 0.004 -28"><span class='ocrx_word' id='word_1_135' title='bbox 409 2372 570 2465; x_wconf 74' lang='lat' dir='ltr'><strong>Eipunge</strong></span> <span class='ocrx_word' id='word_1_136' title='bbox 601 2398 639 2443; x_wconf 83' lang='lat' dir='ltr'><strong>er</strong></span> <span class='ocrx_word' id='word_1_137' title='bbox 667 2375 791 2443; x_wconf 84' lang='lat' dir='ltr'><strong>Lexiois</strong></span> <span class='ocrx_word' id='word_1_138' title='bbox 820 2376 1013 2459; x_wconf 89' lang='grc' dir='ltr'><em>τολθσαθρον</em></span> <span class='ocrx_word' id='word_1_139' title='bbox 1044 2387 1077 2442; x_wconf 90' lang='lat' dir='ltr'><strong>et</strong></span> <span class='ocrx_word' id='word_1_140' title='bbox 1104 2376 1236 2444; x_wconf 71' lang='lat' dir='ltr'><strong>restitue</strong></span> <span class='ocrx_word' id='word_1_141' title='bbox 1262 2399 1299 2443; x_wconf 80' lang='lat' dir='ltr'><strong>er</strong></span> <span class='ocrx_word' id='word_1_142' title='bbox 1323 2375 1594 2466; x_wconf 74' lang='lat' dir='ltr'><strong>Dialog.-Mor&#39;t.</strong></span> 
     </span>
     <span class='ocr_line' id='line_1_18' title="bbox 325 2478 1595 2573; baseline 0.003 -28"><span class='ocrx_word' id='word_1_143' title='bbox 325 2536 326 2539; x_wconf 63' lang='grc'>,</span> <span class='ocrx_word' id='word_1_144' title='bbox 414 2478 454 2546; x_wconf 86' lang='grc' dir='ltr'><strong>Χ.</strong></span> <span class='ocrx_word' id='word_1_145' title='bbox 478 2484 507 2547; x_wconf 93' lang='grc'><strong>1.</strong></span> <span class='ocrx_word' id='word_1_146' title='bbox 531 2486 561 2547; x_wconf 92' lang='grc'><strong>2.</strong></span> <span class='ocrx_word' id='word_1_147' title='bbox 590 2483 703 2563; x_wconf 79' lang='grc' dir='ltr'><em>γέρων,</em></span> <span class='ocrx_word' id='word_1_148' title='bbox 731 2482 917 2566; x_wconf 82' lang='grc' dir='ltr'><em>φαλακρὸς,</em></span> <span class='ocrx_word' id='word_1_149' title='bbox 946 2484 1103 2563; x_wconf 72' lang='grc' dir='ltr'><em>τριβώνιον</em></span> <span class='ocrx_word' id='word_1_150' title='bbox 1125 2481 1207 2563; x_wconf 76' lang='grc' dir='ltr'><em>ἔχων</em></span> <span class='ocrx_word' id='word_1_151' title='bbox 1228 2484 1414 2565; x_wconf 83' lang='grc' dir='ltr'><em>πολύθυρον,</em></span> <span class='ocrx_word' id='word_1_152' title='bbox 1434 2481 1469 2549; x_wconf 88' lang='lat' dir='ltr'><strong>id</strong></span> <span class='ocrx_word' id='word_1_153' title='bbox 1488 2482 1595 2573; x_wconf 84' lang='lat' dir='ltr'><strong>ipsum</strong></span> 
     </span>
     <span class='ocr_line' id='line_1_19' title="bbox 418 2584 1595 2679; baseline 0.002 -28"><span class='ocrx_word' id='word_1_154' title='bbox 418 2586 507 2676; x_wconf 89' lang='lat' dir='ltr'><strong>quod</strong></span> <span class='ocrx_word' id='word_1_155' title='bbox 534 2587 711 2679; x_wconf 74' lang='lat' dir='ltr'><strong>descripsit.</strong></span> <span class='ocrx_word' id='word_1_156' title='bbox 760 2584 993 2676; x_wconf 80' lang='lat' dir='ltr'><strong>Qui&#39;sequitur</strong></span> <span class='ocrx_word' id='word_1_157' title='bbox 1011 2588 1143 2656; x_wconf 81' lang='lat' dir='ltr'><strong>libellus</strong></span> <span class='ocrx_word' id='word_1_158' title='bbox 1167 2588 1344 2669; x_wconf 83' lang='grc' dir='ltr'><em>Χαρίδημος</em></span> <span class='ocrx_word' id='word_1_159' title='bbox 1368 2588 1387 2664; x_wconf 78' lang='grc' dir='ltr'>ἢ</span> <span class='ocrx_word' id='word_1_160' title='bbox 1416 2587 1485 2668; x_wconf 75' lang='grc' dir='ltr'><em>περὶ</em></span> <span class='ocrx_word' id='word_1_161' title='bbox 1514 2587 1595 2653; x_wconf 83' lang='grc' dir='ltr'><em>κώλ-</em></span> 
     </span>
     <span class='ocr_line' id='line_1_20' title="bbox 407 2691 1594 2783; baseline 0.003 -27"><span class='ocrx_word' id='word_1_162' title='bbox 407 2700 488 2765; x_wconf 75' lang='grc' dir='ltr'><strong>Ι’λους</strong></span> <span class='ocrx_word' id='word_1_163' title='bbox 509 2692 587 2759; x_wconf 89' lang='lat' dir='ltr'><strong>item</strong></span> <span class='ocrx_word' id='word_1_164' title='bbox 605 2694 762 2761; x_wconf 83' lang='lat' dir='ltr'><strong>insulsum</strong></span> <span class='ocrx_word' id='word_1_165' title='bbox 782 2704 815 2760; x_wconf 90' lang='lat' dir='ltr'><strong>et</strong></span> <span class='ocrx_word' id='word_1_166' title='bbox 835 2693 1003 2759; x_wconf 86' lang='lat' dir='ltr'><strong>inficetum</strong></span> <span class='ocrx_word' id='word_1_167' title='bbox 1025 2703 1191 2761; x_wconf 77' lang='lat' dir='ltr'><strong>auctorem</strong></span> <span class='ocrx_word' id='word_1_168' title='bbox 1210 2692 1317 2761; x_wconf 85' lang='lat' dir='ltr'><strong>habet.</strong></span> <span class='ocrx_word' id='word_1_169' title='bbox 1358 2691 1394 2760; x_wconf 90' lang='lat' dir='ltr'><strong>Si</strong></span> <span class='ocrx_word' id='word_1_170' title='bbox 1413 2692 1493 2783; x_wconf 90' lang='lat' dir='ltr'><strong>quid</strong></span> <span class='ocrx_word' id='word_1_171' title='bbox 1511 2693 1594 2761; x_wconf 77' lang='lat' dir='ltr'><strong>inest</strong></span> 
     </span>
     <span class='ocr_line' id='line_1_21' title="bbox 414 2795 1593 2890; baseline 0.005 -29"><span class='ocrx_word' id='word_1_172' title='bbox 414 2795 493 2863; x_wconf 90' lang='lat' dir='ltr'><strong>boni</strong></span> <span class='ocrx_word' id='word_1_173' title='bbox 504 2846 514 2877; x_wconf 92' lang='lat'>,</span> <span class='ocrx_word' id='word_1_174' title='bbox 546 2799 751 2890; x_wconf 88' lang='lat' dir='ltr'><strong>impudenter</strong></span> <span class='ocrx_word' id='word_1_175' title='bbox 774 2798 972 2889; x_wconf 86' lang='lat' dir='ltr'><strong>descriptum</strong></span> <span class='ocrx_word' id='word_1_176' title='bbox 993 2806 1041 2866; x_wconf 79' lang='lat' dir='ltr'><strong>en&#39;t</strong></span> <span class='ocrx_word' id='word_1_177' title='bbox 1061 2822 1099 2866; x_wconf 84' lang='lat' dir='ltr'><strong>er</strong></span> <span class='ocrx_word' id='word_1_178' title='bbox 1117 2798 1292 2867; x_wconf 77' lang='lat' dir='ltr'><strong>Isocttffls</strong></span> <span class='ocrx_word' id='word_1_179' title='bbox 1312 2798 1477 2867; x_wconf 74' lang='lat' dir='ltr'><strong>Eunomio</strong></span> <span class='ocrx_word' id='word_1_180' title='bbox 1496 2801 1593 2867; x_wconf 79' lang='lat' dir='ltr'><strong>Hela-</strong></span> 
     </span>
     <span class='ocr_line' id='line_1_22' title="bbox 412 2903 1594 2996; baseline 0.003 -28"><span class='ocrx_word' id='word_1_181' title='bbox 412 2924 503 2969; x_wconf 79' lang='grc' dir='ltr'><em>νιος..</em></span> <span class='ocrx_word' id='word_1_182' title='bbox 544 2904 675 2995; x_wconf 89' lang='lat' dir='ltr'><strong>Raptim</strong></span> <span class='ocrx_word' id='word_1_183' title='bbox 703 2903 782 2971; x_wconf 89' lang='lat' dir='ltr'><strong>haee</strong></span> <span class='ocrx_word' id='word_1_184' title='bbox 814 2904 938 2995; x_wconf 80' lang='lat' dir='ltr'><strong>corrige</strong></span> <span class='ocrx_word' id='word_1_185' title='bbox 968 2907 987 2991; x_wconf 90' lang='lat'><em>§</em></span> <span class='ocrx_word' id='word_1_186' title='bbox 1019 2908 1070 2974; x_wconf 91' lang='lat' dir='ltr'><strong>ll.</strong></span> <span class='ocrx_word' id='word_1_187' title='bbox 1104 2905 1227 2971; x_wconf 68' lang='lat' dir='ltr'><strong>derodere</strong></span> <span class='ocrx_word' id='word_1_188' title='bbox 1253 2905 1355 2971; x_wconf 83' lang='grc' dir='ltr'><em>καλαί</em></span> <span class='ocrx_word' id='word_1_189' title='bbox 1383 2912 1442 2996; x_wconf 87' lang='lat' dir='ltr'><strong>pro</strong></span> <span class='ocrx_word' id='word_1_190' title='bbox 1470 2904 1594 2971; x_wconf 81' lang='grc' dir='ltr'><em>ώιιοθειν</em></span> 
     </span>
     <span class='ocr_line' id='line_1_23' title="bbox 420 3005 1596 3101; baseline 0.001 -27"><span class='ocrx_word' id='word_1_191' title='bbox 420 3005 500 3075; x_wconf 83' lang='grc' dir='ltr'><em>εἶναι</em></span> <span class='ocrx_word' id='word_1_192' title='bbox 529 3010 752 3096; x_wconf 71' lang='lat' dir='ltr'><strong>xunai.§14.</strong></span> <span class='ocrx_word' id='word_1_193' title='bbox 776 3008 868 3087; x_wconf 76' lang='grc' dir='ltr'><em>δθξοιν</em></span> <span class='ocrx_word' id='word_1_194' title='bbox 891 3010 1086 3092; x_wconf 70' lang='grc' dir='ltr'><em>προσάπτειν</em></span> <span class='ocrx_word' id='word_1_195' title='bbox 1109 3033 1168 3101; x_wconf 92' lang='lat' dir='ltr'><strong>pro</strong></span> <span class='ocrx_word' id='word_1_196' title='bbox 1188 3011 1349 3094; x_wconf 80' lang='grc' dir='ltr'><em>προώγειν.</em></span> <span class='ocrx_word' id='word_1_197' title='bbox 1371 3015 1389 3097; x_wconf 85' lang='lat'><em>§</em></span> <span class='ocrx_word' id='word_1_198' title='bbox 1411 3013 1462 3078; x_wconf 68' lang='lat' dir='ltr'><strong>ln.</strong></span> <span class='ocrx_word' id='word_1_199' title='bbox 1483 3035 1596 3077; x_wconf 83' lang='grc' dir='ltr'><em>πεπει-</em></span> 
     </span>
     <span class='ocr_line' id='line_1_24' title="bbox 419 3114 1596 3206; baseline 0 -27"><span class='ocrx_word' id='word_1_200' title='bbox 419 3116 531 3195; x_wconf 74' lang='grc' dir='ltr'><em>ρῖισθαι</em></span> <span class='ocrx_word' id='word_1_201' title='bbox 560 3138 618 3205; x_wconf 90' lang='lat' dir='ltr'><strong>pro</strong></span> <span class='ocrx_word' id='word_1_202' title='bbox 646 3116 823 3195; x_wconf 72' lang='grc' dir='ltr'><em>πειρᾶσθαι.</em></span> <span class='ocrx_word' id='word_1_203' title='bbox 850 3121 868 3204; x_wconf 85' lang='lat'>§</span> <span class='ocrx_word' id='word_1_204' title='bbox 892 3118 941 3181; x_wconf 89' lang='grc'><strong>16.</strong></span> <span class='ocrx_word' id='word_1_205' title='bbox 962 3115 1076 3199; x_wconf 73' lang='grc' dir='ltr'><em>ἠρώσθη</em></span> <span class='ocrx_word' id='word_1_206' title='bbox 1095 3139 1155 3206; x_wconf 88' lang='lat' dir='ltr'><strong>pro</strong></span> <span class='ocrx_word' id='word_1_207' title='bbox 1174 3116 1309 3195; x_wconf 76' lang='grc' dir='ltr'><em>ἠγώσθη.</em></span> <span class='ocrx_word' id='word_1_208' title='bbox 1330 3118 1349 3203; x_wconf 72' lang='lat' dir='ltr'>S</span> <span class='ocrx_word' id='word_1_209' title='bbox 1369 3118 1422 3185; x_wconf 84' lang='lat'><strong>21.</strong></span> <span class='ocrx_word' id='word_1_210' title='bbox 1441 3114 1596 3191; x_wconf 75' lang='grc' dir='ltr'><em>ἐπιθήσεις</em></span> 
     </span>
     <span class='ocr_line' id='line_1_25' title="bbox 414 3216 1563 3318; baseline 0.005 -35"><span class='ocrx_word' id='word_1_211' title='bbox 414 3242 476 3310; x_wconf 73' lang='lat' dir='ltr'><strong>pro</strong></span> <span class='ocrx_word' id='word_1_212' title='bbox 497 3220 628 3302; x_wconf 78' lang='grc' dir='ltr'><em>ἐπιθηση</em></span> <span class='ocrx_word' id='word_1_213' title='bbox 651 3230 684 3287; x_wconf 88' lang='lat' dir='ltr'><strong>et</strong></span> <span class='ocrx_word' id='word_1_214' title='bbox 708 3222 727 3306; x_wconf 86' lang='lat'>§</span> <span class='ocrx_word' id='word_1_215' title='bbox 752 3224 804 3285; x_wconf 91' lang='lat'><strong>22.</strong></span> <span class='ocrx_word' id='word_1_216' title='bbox 828 3216 888 3287; x_wconf 70' lang='grc' dir='ltr'><em>ὅσα</em></span> <span class='ocrx_word' id='word_1_217' title='bbox 910 3222 1073 3300; x_wconf 79' lang='grc' dir='ltr'><em>μοιδοκεῖ</em></span> <span class='ocrx_word' id='word_1_218' title='bbox 1092 3244 1153 3313; x_wconf 89' lang='lat' dir='ltr'><strong>pro</strong></span> <span class='ocrx_word' id='word_1_219' title='bbox 1176 3222 1279 3289; x_wconf 78' lang='grc' dir='ltr'><strong>δοκῶ..</strong></span> <span class='ocrx_word' id='word_1_220' title='bbox 1334 3270 1337 3275; x_wconf 93' lang='grc'>-</span> <span class='ocrx_word' id='word_1_221' title='bbox 1561 3307 1563 3318; x_wconf 36' lang='grc' dir='ltr'>Ι</span> 
     </span>
    </p>

    <p class='ocr_par' dir='ltr' id='par_1_3' title="bbox 419 3321 1594 3522">
     <span class='ocr_line' id='line_1_26' title="bbox 485 3321 1594 3418; baseline 0.002 -29"><span class='ocrx_word' id='word_1_222' title='bbox 485 3321 525 3389; x_wconf 89' lang='lat' dir='ltr'><strong>In</strong></span> <span class='ocrx_word' id='word_1_223' title='bbox 546 3324 680 3391; x_wconf 81' lang='lat' dir='ltr'><em>Nerone</em></span> <span class='ocrx_word' id='word_1_224' title='bbox 700 3328 759 3405; x_wconf 84' lang='lat'><strong>79,</strong></span> <span class='ocrx_word' id='word_1_225' title='bbox 775 3328 806 3391; x_wconf 94' lang='grc'><strong>7.</strong></span> <span class='ocrx_word' id='word_1_226' title='bbox 827 3324 930 3389; x_wconf 85' lang='lat' dir='ltr'><strong>scribe</strong></span> <span class='ocrx_word' id='word_1_227' title='bbox 950 3324 1055 3408; x_wconf 74' lang='grc' dir='ltr'><em>γελώη</em></span> <span class='ocrx_word' id='word_1_228' title='bbox 1075 3348 1136 3416; x_wconf 85' lang='lat' dir='ltr'><strong>pro</strong></span> <span class='ocrx_word' id='word_1_229' title='bbox 1155 3331 1258 3405; x_wconf 79' lang='grc' dir='ltr'><em>γελῶν</em></span> <span class='ocrx_word' id='word_1_230' title='bbox 1272 3324 1336 3406; x_wconf 75' lang='grc' dir='ltr'><strong>εἴη,</strong></span> <span class='ocrx_word' id='word_1_231' title='bbox 1354 3338 1387 3393; x_wconf 85' lang='lat' dir='ltr'><strong>et</strong></span> <span class='ocrx_word' id='word_1_232' title='bbox 1405 3337 1478 3418; x_wconf 85' lang='lat' dir='ltr'><strong>post</strong></span> <span class='ocrx_word' id='word_1_233' title='bbox 1492 3345 1594 3418; x_wconf 82' lang='lat' dir='ltr'><strong>panea</strong></span> 
     </span>
     <span class='ocr_line' id='line_1_27' title="bbox 419 3431 1333 3522; baseline 0.003 -25"><span class='ocrx_word' id='word_1_234' title='bbox 419 3432 475 3497; x_wconf 80' lang='grc' dir='ltr'><strong>οὐκ</strong></span> <span class='ocrx_word' id='word_1_235' title='bbox 497 3432 645 3511; x_wconf 71' lang='grc' dir='ltr'><em>ἀποχρῶν</em></span> <span class='ocrx_word' id='word_1_236' title='bbox 669 3440 708 3514; x_wconf 71' lang='grc' dir='ltr'><strong>τῇ</strong></span> <span class='ocrx_word' id='word_1_237' title='bbox 733 3431 850 3514; x_wconf 75' lang='grc' dir='ltr'><em>σπουδῇ</em></span> <span class='ocrx_word' id='word_1_238' title='bbox 873 3454 934 3522; x_wconf 90' lang='lat' dir='ltr'><strong>pro</strong></span> <span class='ocrx_word' id='word_1_239' title='bbox 955 3434 1012 3499; x_wconf 77' lang='grc' dir='ltr'><strong>οὐκ</strong></span> <span class='ocrx_word' id='word_1_240' title='bbox 1032 3434 1180 3515; x_wconf 74' lang='grc' dir='ltr'><em>ἀποχρῶν</em></span> <span class='ocrx_word' id='word_1_241' title='bbox 1202 3456 1262 3498; x_wconf 92' lang='grc' dir='ltr'><strong>που</strong></span> <span class='ocrx_word' id='word_1_242' title='bbox 1286 3434 1333 3509; x_wconf 78' lang='grc' dir='ltr'><strong>δώ.</strong></span> 
     </span>
    </p>

    <p class='ocr_par' dir='ltr' id='par_1_4' title="bbox 413 3532 1613 4472">
     <span class='ocr_line' id='line_1_28' title="bbox 465 3532 1599 3631; baseline 0.004 -30"><span class='ocrx_word' id='word_1_243' title='bbox 465 3532 501 3601; x_wconf 91' lang='lat' dir='ltr'><strong>Si</strong></span> <span class='ocrx_word' id='word_1_244' title='bbox 533 3556 631 3624; x_wconf 88' lang='lat' dir='ltr'><strong>quem</strong></span> <span class='ocrx_word' id='word_1_245' title='bbox 656 3533 740 3601; x_wconf 83' lang='lat' dir='ltr'><strong>sorte</strong></span> <span class='ocrx_word' id='word_1_246' title='bbox 770 3535 858 3601; x_wconf 86' lang='lat' dir='ltr'><strong>iuvat</strong></span> <span class='ocrx_word' id='word_1_247' title='bbox 887 3536 946 3602; x_wconf 89' lang='lat' dir='ltr'><strong>ista</strong></span> <span class='ocrx_word' id='word_1_248' title='bbox 975 3538 1116 3605; x_wconf 86' lang='lat' dir='ltr'><strong>earmina</strong></span> <span class='ocrx_word' id='word_1_249' title='bbox 1136 3538 1261 3629; x_wconf 79' lang='lat' dir='ltr'><strong>legere,</strong></span> <span class='ocrx_word' id='word_1_250' title='bbox 1284 3562 1368 3628; x_wconf 88' lang='lat' dir='ltr'><strong>qnae</strong></span> <span class='ocrx_word' id='word_1_251' title='bbox 1390 3564 1409 3606; x_wconf 93' lang='lat' dir='ltr'><strong>a</strong></span> <span class='ocrx_word' id='word_1_252' title='bbox 1428 3538 1599 3631; x_wconf 68' lang='lat' dir='ltr'><strong>potitaotrio</strong></span> 
     </span>
     <span class='ocr_line' id='line_1_29' title="bbox 422 3632 1600 3735; baseline 0 -24"><span class='ocrx_word' id='word_1_253' title='bbox 422 3640 704 3731; x_wconf 77' lang='lat' dir='ltr'><strong>Constantinopoli</strong></span> <span class='ocrx_word' id='word_1_254' title='bbox 714 3642 891 3734; x_wconf 87' lang='lat' dir='ltr'><strong>composita</strong></span> <span class='ocrx_word' id='word_1_255' title='bbox 902 3632 1190 3712; x_wconf 75' lang='lat' dir='ltr'><strong>Lucianeianeseio</strong></span> <span class='ocrx_word' id='word_1_256' title='bbox 1199 3647 1364 3735; x_wconf 87' lang='lat' dir='ltr'><strong>quomodo</strong></span> <span class='ocrx_word' id='word_1_257' title='bbox 1378 3646 1600 3725; x_wconf 81' lang='lat' dir='ltr'><strong>adhaeserunt,</strong></span> 
     </span>
     <span class='ocr_line' id='line_1_30' title="bbox 413 3749 1600 3840; baseline 0.004 -26"><span class='ocrx_word' id='word_1_258' title='bbox 413 3763 480 3816; x_wconf 79' lang='lat' dir='ltr'><strong>aaut</strong></span> <span class='ocrx_word' id='word_1_259' title='bbox 494 3750 535 3815; x_wconf 87' lang='lat' dir='ltr'><strong>&#39;iu</strong></span> <span class='ocrx_word' id='word_1_260' title='bbox 555 3750 762 3840; x_wconf 80' lang='lat' dir='ltr'><strong>Anthologio</strong></span> <span class='ocrx_word' id='word_1_261' title='bbox 779 3749 929 3817; x_wconf 78' lang='lat' dir='ltr'><strong>Loctnnr&#39;</strong></span> <span class='ocrx_word' id='word_1_262' title='bbox 944 3753 1052 3818; x_wconf 85' lang='lat' dir='ltr'><strong>neseio</strong></span> <span class='ocrx_word' id='word_1_263' title='bbox 1072 3754 1164 3819; x_wconf 81' lang='lat' dir='ltr'><strong>euin&#39;s</strong></span> <span class='ocrx_word' id='word_1_264' title='bbox 1183 3776 1250 3819; x_wconf 84' lang='lat' dir='ltr'><strong>esse</strong></span> <span class='ocrx_word' id='word_1_265' title='bbox 1265 3754 1427 3836; x_wconf 83' lang='lat' dir='ltr'><strong>dicuntur,</strong></span> <span class='ocrx_word' id='word_1_266' title='bbox 1441 3754 1526 3821; x_wconf 91' lang='lat' dir='ltr'><strong>dabo</strong></span> <span class='ocrx_word' id='word_1_267' title='bbox 1546 3754 1600 3820; x_wconf 89' lang='lat' dir='ltr'><strong>hie</strong></span> 
     </span>
     <span class='ocr_line' id='line_1_31' title="bbox 419 3855 1599 3951; baseline 0.005 -29"><span class='ocrx_word' id='word_1_268' title='bbox 419 3857 491 3923; x_wconf 67' lang='lat' dir='ltr'><strong>&#39;illio</strong></span> <span class='ocrx_word' id='word_1_269' title='bbox 511 3856 609 3947; x_wconf 89' lang='lat' dir='ltr'><strong>paulo</strong></span> <span class='ocrx_word' id='word_1_270' title='bbox 630 3855 859 3923; x_wconf 86' lang='lat' dir='ltr'><strong>emendatiora.</strong></span> <span class='ocrx_word' id='word_1_271' title='bbox 880 3860 923 3925; x_wconf 88' lang='lat'><strong>80</strong></span> <span class='ocrx_word' id='word_1_272' title='bbox 937 3880 989 3936; x_wconf 85' lang='lat' dir='ltr'><strong>ro.</strong></span> <span class='ocrx_word' id='word_1_273' title='bbox 1012 3862 1085 3925; x_wconf 87' lang='lat'><strong>122.</strong></span> <span class='ocrx_word' id='word_1_274' title='bbox 1104 3884 1164 3951; x_wconf 88' lang='lat' dir='ltr'><strong>pro</strong></span> <span class='ocrx_word' id='word_1_275' title='bbox 1182 3860 1297 3941; x_wconf 85' lang='grc' dir='ltr'><em>κθρωνα</em></span> <span class='ocrx_word' id='word_1_276' title='bbox 1320 3862 1444 3951; x_wconf 79' lang='lat' dir='ltr'><strong>corrige</strong></span> <span class='ocrx_word' id='word_1_277' title='bbox 1463 3857 1599 3942; x_wconf 89' lang='grc' dir='ltr'><em>κοχώνα.</em></span> 
     </span>
     <span class='ocr_line' id='line_1_32' title="bbox 420 3960 1602 4057; baseline 0.004 -29"><span class='ocrx_word' id='word_1_278' title='bbox 420 3960 549 4028; x_wconf 85' lang='lat' dir='ltr'><strong>Nomen</strong></span> <span class='ocrx_word' id='word_1_279' title='bbox 576 3962 619 4026; x_wconf 72' lang='grc' dir='ltr'><strong>τοὶ</strong></span> <span class='ocrx_word' id='word_1_280' title='bbox 641 3962 767 4043; x_wconf 79' lang='grc' dir='ltr'><em>κοχώνα</em></span> <span class='ocrx_word' id='word_1_281' title='bbox 792 3986 980 4030; x_wconf 79' lang='lat' dir='ltr'><strong>noveramus</strong></span> <span class='ocrx_word' id='word_1_282' title='bbox 999 3985 1041 4031; x_wconf 84' lang='lat' dir='ltr'><strong>ex</strong></span> <span class='ocrx_word' id='word_1_283' title='bbox 1065 3966 1310 4033; x_wconf 76' lang='lat' dir='ltr'><strong>dnlsrornnrtrs</strong></span> <span class='ocrx_word' id='word_1_284' title='bbox 1324 3966 1463 4057; x_wconf 71' lang='lat' dir='ltr'><strong>Equitt.</strong></span> <span class='ocrx_word' id='word_1_285' title='bbox 1484 3971 1550 4033; x_wconf 75' lang='lat'><strong>424</strong></span> <span class='ocrx_word' id='word_1_286' title='bbox 1568 3979 1602 4035; x_wconf 88' lang='lat' dir='ltr'><strong>et</strong></span> 
     </span>
     <span class='ocr_line' id='line_1_33' title="bbox 415 4065 1613 4155; baseline 0.008 -26"><span class='ocrx_word' id='word_1_287' title='bbox 415 4068 500 4132; x_wconf 65' lang='lat'><strong>484.</strong></span> <span class='ocrx_word' id='word_1_288' title='bbox 524 4087 591 4129; x_wconf 89' lang='lat' dir='ltr'><strong>esse</strong></span> <span class='ocrx_word' id='word_1_289' title='bbox 617 4065 660 4130; x_wconf 74' lang='lat' dir='ltr'><strong>roi</strong></span> <span class='ocrx_word' id='word_1_290' title='bbox 682 4070 928 4155; x_wconf 79' lang='grc' dir='ltr'><em>σφαιρώματα,·</em></span> <span class='ocrx_word' id='word_1_291' title='bbox 943 4074 983 4135; x_wconf 81' lang='lat' dir='ltr'><strong>ut&#39;</strong></span> <span class='ocrx_word' id='word_1_292' title='bbox 1001 4069 1150 4137; x_wconf 79' lang='lat' dir='ltr'>Graeculi</span> <span class='ocrx_word' id='word_1_293' title='bbox 1167 4072 1338 4152; x_wconf 83' lang='lat' dir='ltr'><strong>dicebant,</strong></span> <span class='ocrx_word' id='word_1_294' title='bbox 1360 4084 1470 4143; x_wconf 78' lang='lat' dir='ltr'><strong>natea.</strong></span> <span class='ocrx_word' id='word_1_295' title='bbox 1515 4072 1613 4139; x_wconf 79' lang='lat' dir='ltr'><strong>Boo·-</strong></span> 
     </span>
     <span class='ocr_line' id='line_1_34' title="bbox 419 4170 1602 4272; baseline 0.011 -37"><span class='ocrx_word' id='word_1_296' title='bbox 419 4170 580 4237; x_wconf 78' lang='lat' dir='ltr'><strong>.tissimam</strong></span> <span class='ocrx_word' id='word_1_297' title='bbox 598 4170 640 4237; x_wconf 88' lang='lat' dir='ltr'><strong>de</strong></span> <span class='ocrx_word' id='word_1_298' title='bbox 655 4171 718 4239; x_wconf 88' lang='lat' dir='ltr'><strong>hoo</strong></span> <span class='ocrx_word' id='word_1_299' title='bbox 736 4174 893 4240; x_wconf 79' lang='lat' dir='ltr'><strong>vocabulo</strong></span> <span class='ocrx_word' id='word_1_300' title='bbox 910 4178 1152 4245; x_wconf 76' lang='lat' dir='ltr'><strong>annotationem</strong></span> <span class='ocrx_word' id='word_1_301' title='bbox 1173 4180 1340 4247; x_wconf 79' lang='lat' dir='ltr'><strong>Enorrrrr</strong></span> <span class='ocrx_word' id='word_1_302' title='bbox 1356 4182 1458 4272; x_wconf 86' lang='lat' dir='ltr'><strong>reperi</strong></span> <span class='ocrx_word' id='word_1_303' title='bbox 1478 4182 1511 4246; x_wconf 88' lang='lat' dir='ltr'><strong>iu</strong></span> <span class='ocrx_word' id='word_1_304' title='bbox 1528 4178 1602 4248; x_wconf 88' lang='lat' dir='ltr'><strong>eod.</strong></span> 
     </span>
     <span class='ocr_line' id='line_1_35' title="bbox 427 4278 1603 4376; baseline 0.009 -33"><span class='ocrx_word' id='word_1_305' title='bbox 427 4278 599 4343; x_wconf 80' lang='lat' dir='ltr'><strong>Vaticano</strong></span> <span class='ocrx_word' id='word_1_306' title='bbox 628 4280 712 4358; x_wconf 88' lang='lat'><strong>277,</strong></span> <span class='ocrx_word' id='word_1_307' title='bbox 744 4300 841 4369; x_wconf 85' lang='lat' dir='ltr'><strong>quarn</strong></span> <span class='ocrx_word' id='word_1_308' title='bbox 869 4303 974 4372; x_wconf 82' lang='lat' dir='ltr'><strong>nuper</strong></span> <span class='ocrx_word' id='word_1_309' title='bbox 1001 4304 1075 4350; x_wconf 87' lang='lat' dir='ltr'><strong>uum</strong></span> <span class='ocrx_word' id='word_1_310' title='bbox 1097 4286 1210 4351; x_wconf 82' lang='lat' dir='ltr'><strong>ceteris</strong></span> <span class='ocrx_word' id='word_1_311' title='bbox 1234 4288 1400 4354; x_wconf 72' lang='lat' dir='ltr'><strong>unorum</strong></span> <span class='ocrx_word' id='word_1_312' title='bbox 1417 4284 1603 4376; x_wconf 74' lang='lat' dir='ltr'><strong>fragmentis</strong></span> 
     </span>
     <span class='ocr_line' id='line_1_36' title="bbox 427 4384 1607 4472; baseline 0.008 -21"><span class='ocrx_word' id='word_1_313' title='bbox 427 4384 529 4452; x_wconf 86' lang='lat' dir='ltr'><strong>edidit</strong></span> <span class='ocrx_word' id='word_1_314' title='bbox 550 4385 607 4453; x_wconf 81' lang='lat' dir='ltr'><strong>vir.</strong></span> <span class='ocrx_word' id='word_1_315' title='bbox 628 4384 756 4454; x_wconf 83' lang='lat' dir='ltr'><strong>doctiss.</strong></span> <span class='ocrx_word' id='word_1_316' title='bbox 775 4386 998 4472; x_wconf 66' lang='lat' dir='ltr'><strong>Buttmann.</strong></span> <span class='ocrx_word' id='word_1_317' title='bbox 1028 4388 1191 4459; x_wconf 83' lang='lat' dir='ltr'><strong>Laudatur</strong></span> <span class='ocrx_word' id='word_1_318' title='bbox 1208 4393 1256 4461; x_wconf 87' lang='lat' dir='ltr'><strong>ibi</strong></span> <span class='ocrx_word' id='word_1_319' title='bbox 1264 4394 1404 4468; x_wconf 67' lang='lat' dir='ltr'><strong>Edetania</strong></span> <span class='ocrx_word' id='word_1_320' title='bbox 1414 4394 1444 4459; x_wconf 81' lang='grc' dir='ltr'><strong>ἕν</strong></span> <span class='ocrx_word' id='word_1_321' title='bbox 1458 4390 1607 4468; x_wconf 79' lang='grc' dir='ltr'><em>Κθλαξιν.</em></span> 
     </span>
    </p>

    <p class='ocr_par' dir='ltr' id='par_1_5' title="bbox 429 4492 1252 4795">
     <span class='ocr_line' id='line_1_37' title="bbox 512 4492 1252 4580; baseline 0.011 -23"><span class='ocrx_word' id='word_1_322' title='bbox 512 4520 513 4523; x_wconf 52' lang='grc'><strong>“</strong></span> <span class='ocrx_word' id='word_1_323' title='bbox 751 4492 805 4559; x_wconf 76' lang='grc' dir='ltr'><em>καὶ</em></span> <span class='ocrx_word' id='word_1_324' title='bbox 831 4494 1074 4571; x_wconf 64' lang='lat' dir='ltr'><strong>interminante</strong></span> <span class='ocrx_word' id='word_1_325' title='bbox 1098 4501 1252 4580; x_wconf 87' lang='grc' dir='ltr'><em>κοχώναις</em></span> 
     </span>
     <span class='ocr_line' id='line_1_38' title="bbox 715 4598 1169 4687; baseline 0.018 -25"><span class='ocrx_word' id='word_1_326' title='bbox 715 4644 718 4653; x_wconf 71' lang='lat'><em>,</em></span> <span class='ocrx_word' id='word_1_327' title='bbox 754 4598 809 4687; x_wconf 74' lang='grc' dir='ltr'><em>οιαὶ</em></span> <span class='ocrx_word' id='word_1_328' title='bbox 834 4598 950 4676; x_wconf 77' lang='grc' dir='ltr'><em>πείθεις</em></span> <span class='ocrx_word' id='word_1_329' title='bbox 973 4600 1041 4669; x_wconf 75' lang='grc' dir='ltr'><em>ἄνα</em></span> <span class='ocrx_word' id='word_1_330' title='bbox 1060 4600 1169 4680; x_wconf 79' lang='grc' dir='ltr'><em>σκέλη.</em></span> 
     </span>
     <span class='ocr_line' id='line_1_39' title="bbox 429 4696 890 4795; baseline 0.011 -30"><span class='ocrx_word' id='word_1_331' title='bbox 429 4696 541 4767; x_wconf 79' lang='lat' dir='ltr'><strong>ritioee</strong></span> <span class='ocrx_word' id='word_1_332' title='bbox 564 4702 681 4795; x_wconf 81' lang='lat' dir='ltr'><strong>scripta</strong></span> <span class='ocrx_word' id='word_1_333' title='bbox 705 4708 799 4794; x_wconf 68' lang='grc' dir='ltr'><em>ροντ’</em></span> <span class='ocrx_word' id='word_1_334' title='bbox 834 4777 836 4785; x_wconf 55' lang='grc'><strong>,</strong></span> <span class='ocrx_word' id='word_1_335' title='bbox 887 4734 890 4741; x_wconf 63' lang='grc'>’</span> 
     </span>
    </p>
   </div>
   <div class='ocr_carea' id='block_1_3' title="bbox 0 0 1895 5717">
    <p class='ocr_par' dir='ltr' id='par_1_6' title="bbox 0 0 1895 5717">
     <span class='ocr_line' id='line_1_40' title="bbox 0 0 1895 5717; baseline 0 0"><span class='ocrx_word' id='word_1_336' title='bbox 0 0 1895 5717; x_wconf 95' lang='lat' dir='ltr'><strong> </strong></span> 
     </span>
    </p>
   </div>
  </div>
 </body>
</html>
