3767 5717
851 584 890 645 13

276 771 360 855 μόνῳ
382 772 424 853 τῷ
448 768 533 852 λόγῳ
553 771 617 835 cri.
643 788 717 835 nam
742 769 821 851 adop
846 765 960 852 incipit
980 783 998 830 a
1020 763 1160 833 rubrica.
1208 768 1295 837 ldenr
1316 791 1464 861 compen·

277 876 369 943 dium
401 900 440 942 ατ
464 875 721 962 suprascriptum
746 871 878 961 syllabis
901 882 993 953 Δημρ
1016 910 1062 921 -
1085 874 1208 961 peperit
1232 876 1323 945 nobis
1346 898 1465 949 novum

277 984 489 1069 scriptorem,
520 1000 616 1067 quem
645 999 739 1045 nemo
763 986 908 1045 veterum
934 998 1088 1064 umquam
1117 980 1166 1046 vel
1198 979 1293 1050 lando
1323 984 1467 1065 etrrdivit,¹

277 1087 493 1153 Deuocnnruu.
553 1086 632 1167 Quis
662 1084 695 1150 in
726 1104 763 1150 ea
797 1085 960 1171 scriptura
987 1082 1092 1151 lateat
1125 1106 1262 1173 magnus
1292 1098 1324 1157 et
1353 1090 1468 1158 nobilis

276 1191 488 1280 philosophus
510 1191 560 1257 vel
595 1208 680 1256 unus
711 1187 764 1254 hic
788 1189 877 1255 locus
901 1188 1077 1256 declarabit
1105 1192 1138 1257 in
1169 1191 1311 1279 Appenni.
1346 1216 1377 1283 p.
1402 1202 1466 1265 735

277 1296 519 1379 Δαμοκρατουρε
543 1300 561 1373 ἦ
585 1295 681 1380 φύσις
705 1296 757 1361 καὶ
782 1298 799 1371 ἦ
821 1295 935 1375 διδαχὴ
957 1296 1176 1377 παραπλήσιόν
1199 1298 1256 1368 e’ct.
1280 1300 1333 1365 nal
1358 1302 1422 1385 γαρ
1446 1306 1464 1381 ἡ

276 1404 393 1484 διδαχὴ
417 1403 504 1482 μετα
536 1406 651 1485 propat
680 1397 931 1482 adoriebantur,
964 1401 1051 1479 μετὰ
1073 1406 1188 1484 lucaei
1212 1404 1362 1488 δὲφύσις
1386 1414 1471 1473 ποιεῖ

278 1508 387 1597 (ποιέει
422 1506 513 1595 leg.).
562 1506 642 1588 Quis
675 1503 753 1571 haec
786 1511 915 1592 praeter
946 1503 1129 1573 Abderitom
1162 1509 1360 1576 bunocmruu
1389 1512 1468 1578 scri·

276 1614 380 1700 psisse
403 1611 533 1699 potest?
569 1609 767 1677 confidenter
791 1610 894 1697 igitur
922 1610 1129 1678 llnuocnnrru
1156 1612 1247 1679 illum
1272 1614 1391 1701 passim
1414 1636 1469 1683 ex·

276 1718 455 1805 pellemus,
478 1724 515 1782 ut
535 1716 728 1782 bruocmrns
751 1714 882 1782 taudem
905 1713 1077 1802 aliquando
1100 1737 1158 1784 sua
1183 1727 1361 1806 recuperet.
1408 1722 1468 1789 Eo·

277 1823 351 1890 dem
374 1823 468 1890 modo
491 1830 523 1889 et
547 1821 630 1891 alius
652 1820 860 1908 philosophus
882 1840 970 1887 nrrnc
994 1820 1072 1887 latet
1092 1823 1125 1889 in
1147 1842 1183 1891 eo
1208 1826 1358 1905 nomine,
1381 1827 1468 1915 quod

278 1930 309 1995 ei
330 1929 472 2018 imperiti
492 1928 615 1995 scribae
645 1926 878 2013 imposuerunt.
925 1925 962 1991 ln
992 1926 1100 1993 codice
1123 1936 1180 1995 aut
1206 1929 1326 2014 ρόδωρρρ
1347 1931 1468 2001 dicitur

278 2043 336 2100 aut
355 2034 486 2118 ιρόδαρρρ
510 2040 567 2099 aut
587 2031 726 2117 denique
749 2030 932 2115 Ἡρόδωρος,
958 2030 1055 2118 idque
1075 2033 1105 2099 ei
1129 2053 1244 2101 nomeu
1265 2035 1410 2104 adhaesit
1434 2040 1468 2107 iu

276 2139 419 2226 Append.
444 2161 474 2227 p.
488 2142 574 2215 689,
595 2141 616 2201 6
635 2144 667 2203 et
685 2141 765 2215 735,
783 2141 836 2203 67.
885 2136 1006 2203 Verum
1028 2158 1143 2205 nomen
1162 2158 1199 2207 ex
1217 2141 1338 2225 ρδδαρος
1355 2164 1468 2211 eruen-

278 2245 357 2312 dum
378 2254 444 2323 est,
468 2248 522 2311 cui
544 2263 606 2309 non
627 2242 745 2309 vocalis
766 2241 874 2328 aliqua
895 2250 966 2308 erat
983 2241 1180 2331 adaptanda,
1204 2247 1258 2315 sed
1283 2248 1391 2319 littera
1413 2262 1468 2331 M,

278 2368 312 2434 iu
335 2390 400 2457 qua
424 2372 586 2457 scriptura
602 2354 756 2454 ᾗρδδωρος
758 2369 966 2490 “pervulgato
990 2390 1078 2437 more
1099 2373 1280 2439 scribarum
1304 2375 1388 2441 inest
1411 2394 1466 2443 uo-

278 2513 353 2562 meu
375 2498 540 2582 Μητρόδωρ
542 2524 591 2578 ος,
615 2516 731 2585 nempe
755 2522 838 2579 μαρ,
862 2498 959 2579 tepla,
982 2499 1106 2581 paphu
1107 2524 1146 2583 ue
1080 2520 1230 2587 teprO
1257 2504 1381 2584 μήτηρ
1406 2529 1465 2583 μα·

278 2599 347 2683 τράς
371 2608 433 2667 etc.
457 2602 599 2669 librariis
618 2608 716 2671 etiam
739 2604 934 2689 pervetustis
954 2605 1032 2669 trita
1052 2614 1138 2671 sunt.
1164 2605 1267 2672 Sobol.
1289 2607 1330 2671 od
1354 2606 1465 2693 Odpcs

281 2752 313 2793 α.
328 2732 393 2793 275
417 2737 457 2811 aqi
480 2730 602 2813 ἀρχαία
626 2729 731 2803 ovante
734 2728 767 2811 ίρι
790 2724 970 2808 ἐγέγραπτο
990 2754 1106 2813 μηρ..
1098 2715 1351 2815 Sinriliter-arnp,
1374 2737 1466 2818 πρὸς,

278 2859 352 2940 opi,
376 2881 460 2937 αρα,
486 2880 542 2937 περ
567 2863 599 2921 et
623 2855 800 2940 composita
823 2862 880 2919 aut
908 2853 1052 2924 derivata
1079 2858 1198 2924 multas
1230 2880 1323 2947 saepe
1354 2861 1466 2929 turbas

277 2961 456 3041 dederffunt
479 2960 518 3027 de
541 2960 659 3081 quibus
682 2959 745 3025 alio
767 2959 836 3023 loco
859 2958 1016 3028 dicemus.
1064 2960 1230 3050 lienique
1230 2984 1326 3033 suum
1351 2963 1466 3036 nomen

276 3068 465 3133 restitutum
489 3073 538 3132 est
557 3066 609 3144 ei,
643 3066 699 3152 qui
723 3066 756 3129 in
780 3064 890 3131 codice
920 3067 1081 3142 Καθέας
1067 3092 1081 3134 o
1103 3074 1337 3151 Μασσαλιήτης
1362 3074 1466 3161 appel·

276 3170 372 3237 latur.
419 3171 521 3237 Notus
543 3169 639 3237 homo
665 3179 714 3237 est
737 3177 769 3236 et
793 3170 914 3237 multos
943 3171 1020 3239 olitn
1042 3172 1168 3261 decepit
1191 3176 1311 3252 Πυθέας
1335 3180 1349 3245 ὅ
1371 3189 1465 3247 Μασ-

277 3279 451 3354 σαλιώτας,
474 3296 571 3362 quem
596 3277 784 3343 Gursronoos
806 3275 936 3343 reduxit
958 3297 988 3363 p.
1005 3283 1081 3345 774.
1118 3278 1205 3347 ldem
1231 3301 1261 3368 p.
1277 3289 1340 3351 775
1366 3296 1465 3352 ssavo·

276 3381 396 3464 ταρχαρ
416 3383 503 3448 eruit
526 3402 565 3447 ex
589 3383 774 3455 πλούτανος.
823 3379 909 3447 Satis
928 3390 1061 3469 apparet
1085 3404 1123 3451 cx
1151 3384 1191 3450 iis
1215 3405 1298 3478 quae
1317 3388 1465 3459 dedimus

277 3486 442 3565 codicem,
466 3485 551 3553 uude
573 3486 774 3553 Florcott'ons
794 3485 976 3573 descriptus
1002 3495 1072 3562 est,
1098 3508 1155 3574 per
1175 3494 1363 3579 compendia
1386 3498 1464 3563 scri·

276 3599 367 3677 ptum
400 3590 500 3657 luisse
529 3599 562 3657 et
591 3610 693 3659 nexus
721 3590 905 3657 litterarum
930 3592 1169 3673 intricatiores,
1202 3596 1241 3661 iis
1273 3600 1386 3686 utique
1408 3604 1464 3687 qui

278 3713 456 3781 numquam
475 3696 627 3761 viderunt
646 3704 703 3761 eut
724 3714 787 3759 non
808 3702 942 3779 possunt
966 3695 1049 3774 ista,
1074 3698 1166 3782 quasi
1188 3698 1322 3769 lacunae
1341 3703 1465 3785 forent,

278 3808 366 3866 certa
389 3801 587 3866 correctione
611 3798 768 3886 supplere.
817 3798 948 3864 Senarus
972 3819 1069 3884 quam
1100 3820 1194 3888 saepe
1220 3812 1253 3871 et
1276 3826 1374 3895 quam
1401 3812 1464 3877 im.

277 3905 379 3991 perite
399 3905 433 3969 in
454 3906 494 3970 iis
515 3903 655 3973 haeserit
678 3904 755 3993 quid
781 3902 910 3992 prodest
932 3903 1122 3972 ostendere?
1154 3908 1327 3996 Aliquanto
1350 3916 1464 3985 utilius

276 4010 338 4075 erit
362 4008 605 4085 demonstrare,
640 4018 799 4097 quantum
831 4011 986 4076 vitiorum
1011 4019 1043 4078 et
1067 4032 1213 4081 errorum
1238 4017 1265 4083 is
1288 4019 1357 4106 ipsc
1380 4042 1465 4089 oom-

277 4116 420 4194 miserit,
444 4116 500 4201 qui
522 4116 824 4202 antiquumlibrum
837 4115 1056 4195 describebat,
1081 4138 1120 4183 ex
1140 4120 1301 4189 scribendi
1317 4147 1465 4215 compen·

276 4220 338 4287 diis
358 4242 420 4289 oon
445 4220 625 4288 intellectis.
673 4221 798 4307 Ecquid
822 4222 926 4306 magis
950 4220 1125 4289 ridiculum
1148 4244 1217 4292 esse
1237 4236 1340 4313 potest
1365 4252 1464 4319 quam

276 4335 324 4393 est
344 4327 397 4394 hic
419 4327 509 4393 locus
534 4328 699 4404 Pannonis,
722 4346 817 4412 quem
841 4326 983 4413 primum
1005 4348 1118 4411 sanum
1141 4350 1297 4417 apponam
1322 4356 1361 4401 ex
1383 4336 1465 4403 libro

277 4433 314 4499 dc
336 4432 432 4519 bcpq.
446 4433 486 4498 ll.
512 4453 541 4519 p.
558 4436 634 4499 672.
659 4432 803 4514 ἐντούτῳ
823 4433 858 4508 bb
878 4435 920 4514 τῷ
947 4433 1082 4517 χρόνῳ,
1109 4436 1140 4501 ἐν
1162 4432 1292 4519 &abac
1313 4440 1462 4517 κέκτηται

277 4541 331 4614 aba
352 4538 465 4605 alcaico
487 4538 643 4621 Φρόνησιν.
680 4537 845 4604 Librarius
866 4544 976 4604 aulem
997 4537 1078 4605 bona
1100 4540 1161 4607 fide
1184 4540 1289 4609 dedit:
1314 4547 1462 4633 ἐντούτῳ
