3767 5717
997 595 1062 662 314

442 792 532 869 ants,
564 788 628 856 rid.
655 787 792 856 Lonncn
818 787 860 854 ad
889 774 1124 872 Pnaxnr‘cnun
1138 813 1171 882 p.
1196 774 1271 857 160.
1317 787 1488 879 sequiorea
1508 800 1617 858 tamen

442 917 551 960 omnes
580 893 725 976 διὲφθορα
745 893 896 960 dicebant
914 918 973 986 pro
995 895 1202 978 διέφθαρμαι,
1229 893 1344 960 frustra
1366 893 1614 964 admonentibus

440 998 641 1076 doctoribus,
674 1010 711 1064 ut
737 999 825 1089 apud
855 1000 1035 1066 Lucnnnn
1062 1000 1167 1090 ipsum
1198 1003 1257 1080 76,
1278 1005 1310 1067 3.
1343 1001 1381 1067 σὺ
1411 1002 1442 1068 δὲ
1470 1003 1528 1068 ύτδ
1556 1009 1614 1078 τῆς

444 1103 532 1184 ἄγαν
554 1103 699 1177 παιδείας
729 1107 954 1189 διέφθορας,
979 1105 1037 1175 ίθςε
1058 1107 1134 1186 μηδ’
1159 1107 1236 1172 αύτὸ
1266 1109 1357 1173 τοῦτο
1387 1105 1615 1188 σολοικίζοντας

440 1216 649 1284 κατανοῆσαι,
676 1210 721 1297 [ού
741 1211 804 1294 pap
826 1211 970 1293 σρθσεςιν
989 1211 1072 1292 αύτῷ
1093 1211 1128 1275 τδ
1148 1209 1246 1298 τίνα],
1269 1208 1324 1276 ubi
1342 1208 1430 1304 bono
1449 1210 1616 1298 magistro,

440 1312 497 1402 qui
526 1312 692 1404 adscripsit
720 1318 753 1380 ού
779 1316 841 1398 γὰρ
871 1314 1015 1396 τρύσει-ιν
1043 1314 1126 1394 αύτῷ
1150 1314 1184 1378 τὸ
1209 1313 1297 1388 τίνα,
1329 1313 1444 1400 gratias
1473 1315 1618 1404 agimus,

440 1417 495 1482 sed
516 1418 583 1483 eius
601 1418 841 1484 annotationem
861 1418 1025 1508 discipulis
1041 1439 1139 1507 quam
1159 1415 1252 1484 nobis
1274 1418 1434 1484 utiliorem
1453 1441 1616 1508 expunge-

439 1546 521 1593 mus.
570 1522 733 1613 Quidquid
762 1525 903 1614 magistri
929 1524 1144 1588 reclamarunt
1170 1522 1314 1606 διέφθορα
1340 1546 1398 1613 pro
1423 1523 1615 1606 διθφθαρροαι

439 1641 551 1720 postea
580 1629 723 1694 omnium
749 1652 808 1695 usu
831 1629 942 1695 tritum
963 1640 1019 1694 est.
1066 1627 1219 1692 Dromos
1243 1627 1299 1716 qui
1319 1628 1361 1692 de
1381 1636 1537 1718 corrupto
1558 1628 1615 1692 di·

441 1735 540 1798 erardi
556 1757 620 1798 usu
639 1734 763 1823 scripsit
783 1747 816 1798 et
834 1734 953 1800 librum
976 1731 1136 1822 inscripsit
1157 1732 1224 1812 τερ)
1249 1732 1476 1814 παρεφθορυίας
1498 1732 1613 1812 λέξεως

440 1838 474 1904 in
504 1838 574 1928 ipso
601 1838 696 1904 titulo
727 1839 830 1929 operis
857 1841 913 1913 τὴν
942 1837 1084 1919 οίρχαίαν
1116 1835 1278 1902 διοίλεκτον
1308 1836 1498 1920 ταρίφθορεν
1521 1849 1554 1902 et
1577 1838 1637 1919 in,

443 1943 538 2008 unica
558 1944 795 2024 observatione,
820 1968 903 2034 quae
923 1943 1005 2008 milri
1024 1965 1061 2008 ex
1078 1941 1136 2006 illo
1157 1940 1241 2008 libro
1260 1942 1418 2022 innotuit,
1441 1941 1618 2008 vehemen-

444 2060 493 2112 ter
521 2048 662 2128 fallitur,
694 2050 779 2140 apud
809 2049 1020 2115 brunantun
1049 2044 1105 2111 lX.
1127 2070 1158 2136 p.
1178 2049 1244 2113 368
1264 2064 1293 2110 n.
1326 2045 1492 2114 Lucrinus
1517 2045 1618 2135 igitur

443 2176 517 2220 curn
538 2155 687 2220 omnibus
710 2178 817 2221 errans
835 2155 974 2239 ᾅσματα
996 2151 1178 2236 διεφθορότα
1205 2151 1283 2220 dixit
1301 2176 1361 2244 pro
1380 2153 1523 2232 lasciva,
1552 2156 1617 2218 im-

436 2261 583 2350 pudica,
607 2284 741 2350 spurca.

402 2391 408 2400 ⁸
489 2365 525 2430 ln
548 2365 581 2431 T
578 2370 685 2431 ιἰνιοιοο
705 2372 742 2444 5,
766 2368 795 2430 4.
819 2364 890 2429 οὔτε
913 2363 1032 2436 θύοντος
1057 2359 1103 2428 ἔτι
1127 2385 1172 2426 σοι
1198 2363 1278 2438 τινδς
1299 2363 1369 2430 ούτε
1389 2365 1616 2446 ςεφανούντος,

443 2470 581 2543 debebat
600 2470 716 2544 ούδενθς
737 2470 875 2553 scribere
894 2491 954 2559 pro
972 2467 1069 2548 τινθς,
1087 2467 1141 2532 sed
1160 2466 1276 2556 passim
1295 2467 1327 2531 in
1348 2467 1467 2533 talibus
1486 2479 1618 2557 peccat,

443 2576 507 2664 rid.
527 2583 545 2664 ξ
569 2579 619 2644 15.
644 2579 703 2654 14,
730 2581 781 2642 14.
815 2574 898 2640 lbid.
918 2573 1035 2650 τηνίκα
1056 2572 1139 2638 male
1160 2596 1219 2662 pro
1240 2574 1327 2640 τθτε.
1369 2574 1616 2664 Apud,Veteres

443 2681 560 2757 τηνίκα
577 2682 644 2746 fere
664 2701 791 2769 semper
811 2679 930 2743 dicitur
949 2699 1050 2766 quum
1070 2677 1141 2767 quis
1160 2689 1267 2767 rogat,
1282 2702 1368 2766 quae
1376 2704 1468 2771 pars
1486 2679 1557 2746 diei
1569 2685 1617 2746 sit

443 2787 515 2864 rel,
540 2799 575 2852 ut
597 2798 706 2877 postea
726 2785 887 2862 solebant,
910 2791 1012 2872 quota
1033 2785 1118 2847 hora
1136 2786 1200 2861 ait,
1220 2769 1308 2848 utin
1332 2783 1468 2852 Critone
1486 2811 1519 2878 p.
1532 2791 1572 2852 43
1584 2805 1617 2854 a.

440 2891 557 2967 τηνίκα
578 2891 724 2971 μοίλιςας
748 2928 795 2942 -
819 2889 915 2972 θρθρος
940 2887 1054 2966 βαθύς.
1082 2887 1275 2978 ubicumque
1295 2889 1412 2966 τηνίκα
1431 2902 1463 2956 et
1483 2892 1617 2967 ύτννίκα

442 3009 473 3062 et
495 2996 640 3072 τκνικοίδε
662 3006 835 3062 occurrunt
855 2993 978 3060 ridebis
1001 2991 1260 3060 honorationem
1284 3007 1438 3062 constare.
1480 2995 1619 3086 Sequio·

442 3125 492 3168 res
512 3102 622 3192 inepte
639 3102 755 3179 τηνίκα
775 3100 926 3166 dicebant
944 3122 1003 3190 pro
1023 3099 1116 3172 τθτε,
1135 3110 1237 3188 quoto
1252 3101 1363 3168 horo?
1380 3126 1440 3192 pro
1455 3127 1517 3192 qao
1532 3113 1618 3169 tcm-

436 3207 553 3299 pore?
577 3232 658 3297 quos
677 3207 759 3273 ridet
781 3209 828 3274 rir
848 3217 960 3271 acutus
980 3203 1065 3294 apud
1087 3205 1266 3272 Luctnnuu
1288 3211 1345 3286 76,
1364 3215 1393 3273 5.
1414 3209 1470 3298 qui
1488 3220 1620 3298 rogatus

443 3313 560 3389 τηνίκα
583 3313 676 3390 ἔξεισι
696 3311 877 3402 respondit:
911 3309 983 3400 quis
1003 3309 1063 3374 tibi
1084 3308 1162 3376 dirit
1182 3333 1233 3376 mo
1257 3313 1354 3377 hodic
1375 3311 1406 3376 id
1424 3312 1617 3380 facturuml

445 3417 564 3482 lterum
593 3429 706 3507 peccat
735 3418 905 3484 Lucrinus
935 3419 994 3493 45,
1014 3416 1045 3480 6.
1079 3414 1195 3490 τηνίκα
1215 3416 1371 3495 διηγήσεις
1407 3439 1528 3507 ponens
1556 3443 1620 3509 pro

446 3523 579 3614 quando
606 3522 797 3589 narrabis?
839 3520 903 3606 Qui
933 3518 995 3586 hoe
1023 3519 1144 3586 tenebit
1173 3519 1268 3588 facile
1297 3521 1480 3588 emendabit
1508 3524 1620 3594 Xntto-

447 3647 588 3708 Puonrrs
605 3630 783 3696 Λααθαοιά
801 3626 860 3694 Ill.
879 3646 910 3693 r.
934 3631 983 3694 18.
1008 3625 1058 3692 ε’τί
1081 3626 1199 3700 τούτοις
1218 3628 1365 3694 ἐθύσαντο
1388 3627 1468 3704 θπονς
1486 3629 1621 3706 ύτκνίκα

445 3736 498 3800 καί
533 3734 630 3809 δοκοίη
659 3742 716 3808 τῆς
744 3730 822 3814 ύρας
848 3733 903 3806 τίιν
933 3730 1058 3812 τορείαν
1083 3739 1233 3806 ποιοῖντο,
1262 3731 1332 3822 lege
1361 3732 1493 3810 ύτνινίκα
1518 3733 1617 3811 δοκοίη

448 3850 609 3929 expuncto
638 3845 693 3910 τῆς
720 3834 817 3916 θύρας,
853 3836 939 3926 quod
970 3847 1082 3900 natum
1110 3847 1157 3902 est
1183 3859 1221 3902 er
1249 3838 1456 3906 annotatione
1486 3839 1537 3905 ε’τί
1562 3847 1619 3914 τῆς

447 3943 525 4026 θίρας
546 3943 587 4008 ad
607 3942 739 4018 innatare
761 3941 837 4006 olim
857 3942 1025 4032 adscripta.
1072 3940 1109 4008 ln
1131 3941 1308 4009 dnscurrus
1331 3944 1364 4012 T
1360 3947 1531 4012 ι’ναανοθοα
1551 3951 1569 4034 §
1587 3949 1619 4013 9.

447 4051 606 4130 διαρρύδαν
626 4047 823 4113 οίτοδείκννσι
848 4054 965 4131 πρῶτον
993 4048 1051 4126 μὲν
1076 4044 1110 4122 ἣν
1137 4046 1214 4130 ιθραν
1238 4051 1383 4132 τροσιίκει
1409 4049 1486 4116 ι’ἐναι
1516 4053 1558 4124 εἰς
1582 4051 1617 4116 τθ

446 4154 664 4219 διδασκαλεῖον
688 4153 740 4217 καί
766 4153 898 4229 θτηνίκα
928 4152 1076 4230 οέτιέναι,
1112 4175 1185 4222 usus
1216 4153 1385 4220 verborum
1412 4153 1446 4229 ἣν
1469 4153 1547 4236 ύραν
1576 4156 1619 4222 ab

448 4272 552 4327 aetate
575 4259 749 4326 Anscnnrrs
768 4257 919 4324 abhorret
933 4269 975 4340 et
995 4257 1028 4334 ἤν
1045 4281 1108 4349 pro
1128 4259 1200 4326 τίνα
1218 4261 1359 4352 positam
1380 4261 1432 4329 rel
1451 4263 1549 4340 τοςνίν
1567 4285 1620 4332 er·

448 4369 517 4458 gnit
549 4365 749 4432 Graeculum.
805 4363 949 4428 limanda
978 4369 1094 4446 πρῶτον
1127 4366 1184 4446 μὲν
1216 4367 1348 4443 θτκνίκα
1376 4369 1520 4449 τροσύκει
1551 4369 1619 4438 xri.

448 4471 670 4562 interpretatio
701 4491 804 4534 reram
829 4470 1018 4558 scripturam
1047 4471 1178 4560 expulit.
1233 4472 1357 4539 Addam
1387 4472 1436 4538 his
1463 4472 1622 4538 nonnulla

450 4590 583 4672 propter
603 4576 802 4642 Lonreurun
821 4576 861 4640 ad
881 4576 1107 4646 Pnnrnrcnou
1124 4601 1157 4667 p.
1178 4581 1221 4644 50
1240 4591 1272 4644 et
1292 4591 1328 4644 nt
1350 4601 1387 4645 ea
1408 4578 1621 4647 controversia

451 4687 629 4754 dirimatur.
684 4680 900 4748 Punrrtrcnus
933 4681 1046 4765 docete
1080 4681 1221 4757 τηνίκα
1255 4682 1299 4762 μίν
1333 4683 1421 4766 είτρς
1455 4684 1529 4756 ἀντὶ
1565 4689 1622 4750 τού
