3767 5717
824 654 865 715 td

266 818 390 891 indocti
427 827 562 901 ἱδιιὲισοιι,
597 846 677 913 quos
714 823 880 891 Graeculos
914 823 1021 891 dicere
1056 822 1181 899 licebit,
1216 841 1272 909 pro
1300 819 1447 889 σ’λισθοθνσ

266 929 414 999 dicebant
437 932 596 998 θλισθοοθνο
619 938 653 997 et
680 932 835 1006 ιἰλθσθνσοι
858 950 917 1017 pro
937 931 1082 1005 ὤλισθον,
1109 938 1145 995 ut
1168 929 1287 1015 passim
1315 930 1448 1012 antiquo

264 1032 367 1101 lormu
389 1036 501 1102 coristi
522 1035 607 1123 apud
628 1037 707 1101 istos
729 1035 817 1101 abire
847 1034 927 1101 solet
948 1036 978 1099 in
1004 1035 1141 1101 ieronem
1158 1054 1176 1100 e
1196 1032 1321 1119 vulgari
1344 1031 1449 1100 anulo·

264 1140 318 1222 gia
340 1140 492 1217 ductam,
518 1152 554 1208 ut
572 1140 651 1218 ἥξοι,
674 1140 790 1217 leche,
812 1140 950 1221 ἔλειψιι,
971 1139 1114 1224 deperfec,
1139 1136 1327 1221 ἦμθρτλσοι,
1351 1134 1450 1217 ἐβλοθ·

264 1270 365 1322 stou,
400 1248 565 1329 talepore
588 1246 658 1334 (pro
682 1245 854 1335 οὶπθδροιν),
889 1232 989 1328 ᾕρησαι
1019 1245 1088 1333 (pro
1111 1240 1227 1332 εἷλον),
1250 1241 1356 1321 ἔθριξοο
1381 1243 1451 1331 (pro

263 1350 421 1439 ἔδροιμον),
444 1351 544 1417 inere
561 1350 775 1436 plurimorum
798 1370 862 1417 usu
882 1351 1019 1428 tritum,
1043 1350 1188 1417 alienon
1211 1366 1323 1435 pauca.
1369 1346 1454 1415 Istas

264 1455 392 1523 dicendi
423 1455 532 1522 sordes
566 1462 599 1521 et
634 1455 874 1522 immunditiem
895 1454 1211 1541 'librariiantiquis
1241 1450 1452 1538 scriptoribus

265 1568 353 1627 certa
376 1561 565 1645 contagione
591 1560 692 1626 solent
725 1560 891 1638 affricare,
911 1559 998 1627 docti
1020 1567 1147 1645 partem
1169 1566 1295 1628 tanturn
1312 1576 1351 1623 ex
1379 1557 1451 1623 istis

248 1666 335 1734 'arisi
364 1674 440 1731 sunt
466 1664 592 1738 tollere,
614 1663 678 1729 elia
697 1664 884 1732 dubitanter
907 1666 1067 1744 retinent,
1089 1664 1151 1733 ulia
1176 1666 1247 1731 sine
1274 1662 1338 1731 ulla
1358 1663 1450 1732 dubi·

264 1771 384 1843 tntione
405 1769 523 1836 babent
547 1789 603 1855 pro
628 1770 847 1855 integerrimis
870 1770 1127 1855 sanissimisnue.
1176 1769 1228 1837 Sic
1246 1768 1367 1847 ἐνσέξοιι
1392 1788 1450 1855 pro

263 1877 396 1946 ἐντεκεῖν
427 1875 573 1941 Atticum
599 1895 668 1940 esse
700 1874 788 1941 docti
821 1873 967 1941 homines
991 1872 1102 1943 faciles.
1124 1873 1279 1951 credunt,
1314 1872 1451 1960 quodsi

264 1981 297 2045 in
329 1982 539 2046 Aarsroonnnn
562 1979 650 2068 (Lpe.
674 1980 751 2068 555)
775 1998 974 2066 concoquere
999 1979 1055 2045 Tu.
1079 1980 1229 2051 liancmus
1251 1980 1376 2067 potuit,
1401 1978 1450 2048 id·

264 2104 327 2170 que
350 2092 421 2171 post
442 2103 551 2151 reram
575 2085 744 2153 tectionem
761 2084 889 2161 ε’νςιθξοιι
907 2084 948 2151 ob
970 2084 1148 2154 Hrnsomero
1172 2093 1351 2169 repertam,
1372 2084 1450 2172 qnid

264 2199 407 2257 caeteros
435 2187 520 2255 lerre
547 2210 638 2275 posse
664 2191 819 2259 censens?
866 2191 980 2276 ltaque
1008 2190 1111 2259 sicubi
1129 2190 1252 2259 θλισθιν
1277 2197 1346 2259 erat
1371 2191 1450 2257 seri-

264 2304 371 2381 ptum,
399 2293 492 2361 iaeile
515 2294 556 2360 ad
579 2316 675 2363 suum
698 2297 854 2372 ὠλθσθνσο
874 2295 1025 2363 aberrent
1047 2294 1172 2365 librarii
1192 2296 1330 2373 θδιῶσιοι,
1354 2295 1451 2382 idque

261 2400 290 2466 si
318 2408 457 2486 pergunt
485 2398 590 2467 lacero
619 2402 748 2469 tandem
773 2402 914 2488 genuina
949 2399 1051 2468 forma
1084 2402 1152 2469 sine
1188 2401 1321 2486 vestigio
1356 2401 1451 2487 perit.

264 2506 416 2571 Periisset
444 2505 546 2589 igitur
575 2507 609 2571 in
629 2508 842 2582 decoratore,
867 2526 943 2573 nem
962 2526 1018 2592 pro
1037 2507 1161 2575 θλισθιν
1185 2506 1209 2573 Ι.
1230 2510 1289 2599 18.
1309 2511 1338 2573 1.
1360 2507 1416 2573 citt
1437 2542 1450 2559 -

264 2612 351 2682 θνσεν
383 2610 514 2693 irrepsit
545 2619 577 2675 et
613 2611 669 2677 111.
708 2616 765 2678 64.
796 2616 816 2677 5
849 2612 1078 2687 κιιοσλισθνὶσιιο
1111 2630 1169 2695 pro
1202 2612 1389 2677 κνσολισθιθν
1420 2619 1453 2685 el,

264 2712 374 2785 rhetor
404 2713 543 2802 nitorem
575 2716 733 2780 sermonis
762 2715 891 2797 antiqui
917 2734 954 2779 en
984 2713 1054 2779 labe
1088 2722 1121 2779 et
1152 2713 1278 2781 macule
1302 2713 1451 2781 iniecisse

264 2824 389 2904 poterat
415 2815 539 2893 videri,
578 2819 641 2883 nisi
672 2818 786 2886 sitium
813 2816 888 2887 leba
911 2817 951 2882 ll.
986 2823 1038 2887 11.
1065 2821 1085 2883 1
1117 2818 1326 2891 commissum
1351 2818 1451 2887 homi·

263 2942 337 2987 nem
359 2921 554 3000 absolveret,
579 2922 633 2989 ubi
655 2924 688 2987 in
712 2922 803 2989 libris
825 2930 896 2989 est:
920 2920 959 2991 cic
995 2924 1046 2992 hod
1068 2922 1102 2993 τὸ
1126 2924 1239 2999 πλῆθος
1263 2924 1451 2993 secesserat

261 3050 314 3107 μοι
337 3036 392 3103 σῆς
416 3029 540 3106 μνήμης
559 3029 603 3095 σοι
624 3028 772 3105 σλεθονιο,
796 3029 913 3113 inquo
938 3027 1055 3099 mendo
1076 3046 1152 3099 cera
1175 3027 1270 3096 lectio
1291 3030 1448 3099 θσθλισθε

263 3154 320 3219 per
342 3132 584 3201 multasaeeula
607 3141 679 3201 tuto
695 3133 824 3200 delituit
843 3143 877 3203 ct
894 3154 1011 3202 manus
1028 3110 1176 3204 indoctas
1199 3133 1327 3221 elingit,
1343 3144 1379 3201 ut
1401 3156 1452 3207 re-

262 3240 348 3304 natis
377 3238 494 3305 litteris
518 3240 621 3325 perite
644 3240 677 3305 in
696 3239 801 3307 lucem
826 3246 1043 3309 revocaretur.
1091 3238 1260 3316 Graeculi,
1288 3241 1314 3310 si
1350 3230 1453 3318 huius

261 3345 322 3411 loci
348 3344 497 3409 tenebras
521 3344 688 3431 dispellere
711 3347 916 3431 potuissent,
939 3346 1011 3414 sine
1038 3344 1103 3411 ulla
1126 3346 1343 3414 controversia
1363 3348 1454 3415 ceo„

260 3453 387 3526 λθσθνσε
408 3451 625 3536 scripsissent,
648 3449 920 3537 quemadmodum
943 3451 977 3517 in
997 3450 1166 3517 Pocrsncur
1193 3449 1353 3519 Cleomene
1365 3452 1450 3519 xlx.

262 3562 373 3643 p..815
397 3575 497 3640 quum
526 3556 641 3642 optimi
674 3555 749 3624 libri
784 3563 930 3622 servent:
955 3553 1047 3622 θλιιθι
1078 3555 1109 3621 δὲ
1134 3556 1306 3633 διολιοθιθν,
1331 3556 1448 3643 reliqui

262 3682 374 3727 omnes
400 3662 594 3737 διολισθθσοις
617 3660 791 3736 exhibent,
814 3678 897 3745 qnae
919 3658 1063 3743 vulgaris
1083 3659 1178 3726 lectio
1201 3659 1385 3745 scitusque
1407 3662 1451 3741 ed

263 3766 466 3834 Srnrunrsrnn.
515 3764 685 3831 Simillimo
716 3765 794 3828 vitio
827 3763 951 3833 librarii
981 3764 1013 3827 in
1038 3766 1257 3835 dnrsrorntnrs
1291 3763 1448 3849 lepidissi·

262 3890 315 3941 mo
338 3868 407 3935 loco
427 3869 560 3954 Lycisce.
585 3873 650 3934 677
672 3868 843 3938 dederant:

420 3975 631 4041 ἱππικώτατον
655 3973 719 4055 yolo
742 3976 788 4043 ἐςι
811 3981 923 4054 zoticus.
946 3971 1087 4055 κθισσοχον
1108 3976 1187 4052 γονή

419 4082 494 4145 κούκ
516 4080 777 4147 οὶνοισιολθσθοιι
801 4079 975 4160 τρέχοντος.
1356 4150 1359 4157 Δ

262 4184 561 4273 ρσοθινοὶσσολθσθοι,
586 4183 671 4270 quod
693 4204 793 4270 quum
815 4184 979 4252 linwnsrus
1003 4184 1174 4269 reperisset
1197 4184 1341 4273 (Miscuit,
1369 4186 1447 4255 Crit.

260 4312 291 4378 p.
307 4289 384 4378 559)
406 4289 554 4358 meliores
573 4289 647 4355 libri
670 4290 796 4361 exeussi
815 4290 1060 4363 confirmarunt.
1108 4290 1149 4355 Ut
1168 4290 1269 4375 igitur
1285 4272 1451 4368 θλισθῆσοιι,

261 4416 299 4463 ex
321 4395 460 4481 plebeiae
483 4393 635 4460 dictionis
658 4394 853 4480 negligentia
881 4397 1022 4481 irrepere
1045 4394 1149 4473 solet,
1176 4395 1222 4461 sie
1244 4394 1447 4481 frequentius

261 4502 358 4567 etiam
387 4500 546 4568 θλισθοιθνιο
578 4499 764 4567 obtruditur
795 4501 906 4566 invitis
928 4508 1075 4571 veterum
1101 4501 1447 4587 irnitntcrilous,.quae

261 4605 384 4683 iormu,
407 4606 504 4671 sicuti
523 4614 557 4673 et
577 4606 712 4682 οἰδοθνσ,
737 4604 837 4670 nihilo
860 4613 910 4674 est
935 4606 1042 4671 sanior
1063 4626 1161 4692 *qnam
1186 4606 1213 4673 si
1229 4607 1310 4692 nnis
1333 4608 1443 4691 θφλισ·

260 4712 351 4786 cclcc
378 4712 486 4785 dicere
505 4712 668 4781 voluisset.
703 4712 861 4799 Poe-testri
881 4711 921 4777 iis
945 4718 1104 4791 utuntur,
1129 4711 1184 4797 qui
1213 4713 1350 4782 nriscent
1385 4713 1443 4785 ste,

1208 4824 1219 4861 3
