3767 5717
983 593 1058 655 '190

432 797 478 862 θον
501 794 594 859 unice
610 792 748 884 probum
766 802 829 870 est,
849 802 884 855 ut
903 786 988 879 apud
1009 787 1271 866 Anrsrorntm
1289 784 1354 851 Ᾰν.
1367 788 1443 853 407.
1465 787 1610 855 λωποδύ-

432 926 488 977 της
509 899 595 967 παίει
616 895 740 979 ῥοπόλςο
762 920 805 975 με
829 896 863 960 τό
890 895 1002 958 νῶτον.
1043 890 1167 957 obiter·
1184 891 1221 956 in'
1239 891 1440 979 Lysistrata
1462 914 1505 958 νε.
1531 894 1627 958 656.·

574 996 578 1005 ’
1075 998 1101 1061 εί
1126 997 1158 1060 δὲ
1180 998 1332 1071 λνπνίσεις
1356 996 1388 1061 τί
1411 1003 1472 1074 με’

566 1106 642 1187 τῷδε’
666 1108 699 1183 γ’
723 1104 856 1185 οίψηκτιρ
880 1101 1014 1180 πατοίξιο
1039 1103 1081 1182 τῷ
1107 1099 1231 1183 κοθόρνῳ
1254 1103 1309 1175 την
1333 1099 1456 1179 γνοίθον.

433 1196 649 1279 animadverte
680 1208 798 1298 duplex
826 1209 948 1275 vitium.
982 1232 1021 1286 γε
1042 1206 1125 1271 nihil
1145 1206 1303 1295 signifieat
1324 1218 1356 1271 et
1377 1207 1539 1271 soloecum
1562 1218 1611 1272 est

431 1316 482 1384 όδε
501 1316 645 1398 όιψηκτος
673 1318 686 1381 ό
711 1316 854 1396 κόθορνος.
906 1313 1023 1380 Omnia
1043 1337 1117 1378 sena
1138 1325 1233 1377 erunt
1253 1312 1278 1377 si
1299 1330 1447 1402 repones:

586 1424 663 1503 τῷδε
686 1421 841 1501 τοίψηκτῳ
864 1420 999 1500 πατοόξον
1025 1442 1078 1483 σον
1102 1417 1226 1499 κοθόρνῳ
1249 1416 1305 1490 τὴν
1329 1417 1451 1495 γνοίθον.

432 1538 617 1618 comparato
643 1547 686 1591 rs.
708 1526 784 1589 360.
831 1520 895 1588 Sed
920 1516 959 1588 nd
981 1522 1162 1588 Lucrinum
1182 1521 1296 1587 redeo:
1321 1520 1355 1585 in
1379 1522 1396 1605 §
1420 1524 1470 1587 14.
1495 1524 1607 1589 εἰδέναι

429 1629 510 1705 όποις
544 1632 582 1697 όιν
607 1630 649 1695 τόι
680 1629 822 1696 κόλλιςα
845 1629 977 1705 οἰκηθείη
1001 1628 1092 1701 πόλις
1123 1640 1188 1694 tarn
1218 1627 1330 1694 vitiose
1356 1624 1475 1691 dieitur
1504 1640 1540 1693 ut
1569 1629 1606 1693 τό

430 1737 551 1815 οίγαθῖιν
570 1758 628 1825 pro
648 1730 692 1800 εὖ.
719 1756 864 1822 expunge
885 1729 1054 1800 articulum
1074 1745 1106 1798 et
1129 1734 1279 1819 iterum§
1300 1735 1354 1799 30.
1372 1731 1409 1805 ,ἔς
1431 1758 1468 1797 τε
1489 1735 1606 1814 εἰρήνην

429 1840 482 1905 καί
513 1844 543 1913 ἐς
578 1840 715 1918 πόλεμον
749 1840 820 1927 [τόν]
855 1837 951 1921 όιριςα
984 1840 1265 1920 παρεσκευασμένη
1294 1850 1326 1904 et
1350 1842 1407 1916 17,
1429 1841 1481 1903 il.
1510 1838 1545 1914 ἢν
1572 1836 1605 1903 δέ

428 1968 515 2009 ποτε·
530 1945 582 2008 καί
612 1944 682 2033 [τόν]
708 1942 802 2026 θριτα
828 1939 961 2027 π’ριίξηρ.
1009 1943 1048 2009 ln
1075 1944 1249 2011 Isocnnrls
1272 1946 1512 2034 Areopagitica
1532 1946 1550 2027 §
1573 1948 1607 2009 3.

431 2048 485 2129 ὁρῶ
516 2048 579 2129 γόιρ
608 2051 668 2113 τῶν
691 2048 810 2115 πόλεων
842 2048 902 2121 τόις
928 2047 1024 2129 όοριςα
1050 2048 1200 2130 προίττειν
1225 2048 1365 2127 οἰομένας
1389 2048 1458 2136 [τό]
1476 2046 1607 2117 ,κιόκιςα

427 2152 676 2231 βουλευομένοις,
713 2153 834 2242 optime
862 2152 905 2218 τθι
940 2152 1090 2219 Urbinas
1119 2153 1246 2218 omittit,
1293 2149 1370 2237 ln§
1395 2156 1446 2219 19.
1470 2156 1525 2219 οὐκ
1548 2152 1603 2217 ε’ῶν

427 2256 623 2337 περιπέττειν
644 2258 679 2323 τὸ
702 2261 841 2338 πρόιγμα
862 2260 893 2324 ἐν
913 2267 979 2331 τοῖς
1002 2259 1108 2337 λόγοις
1140 2257 1419 2349 inepteabuindat
1439 2254 1603 2349 praeposi·

427 2361 483 2427 tio.
531 2361 785 2428 Anrsrornnnrs
810 2361 932 2427 dixerat
955 2362 989 2427 in
1015 2364 1117 2429 Pluto
1142 2368 1215 2433 159.

626 2466 755 2545 θνόματι
778 2468 997 2549 περιπέττουσι
1022 2469 1078 2541 τὴν
1101 2468 1287 2549 μοχθηρίαν.
1356 2453 1358 2458 ⁸

425 2592 522 2661 quem
545 2572 642 2638 multi
665 2572 781 2638 imitati
805 2585 890 2639 sunt.
939 2572 1128 2638 Mnrsnnsn
1151 2573 1266 2662 fragm.
1291 2576 1367 2640 106.
1391 2574 1536 2641 Μεινκιι.

623 2676 696 2742 τότε
720 2678 779 2751 τόις
805 2680 961 2763 γυναῖκας
985 2677 1114 2742 δεδιέναι
1138 2677 1267 2757 μόλιςα
1289 2679 1337 2742 δεῖ

622 2778 697 2846 όταν
720 2806 751 2848 τι
775 2780 985 2862 περιπίττιιοι
1007 2788 1073 2851 τοῖς
1096 2789 1225 2861 χρητοῖς
1249 2779 1368 2859 λόγοις.

422 2884 479 2950 ubi
502 2885 595 2975 vulgo
616 2884 873 2966 περιπλιίττωσι,
901 2884 989 2975 qnod
1009 2884 1093 2951 bene
1113 2886 1247 2964 correxit
1266 2884 1462 2952 Stinssms.
1491 2885 1603 2951 Perre

425 2991 467 3055 de
484 2990 630 3081 Legibus
648 2990 687 3055 X.
706 3014 738 3079 p.
762 2992 827 3056 886
848 3008 876 3055 n.
899 2990 1020 3069 λόγοισι
1044 2992 1071 3056 δ’
1090 2987 1125 3055 εὖ
1149 3016 1213 3064 πως
1238 2993 1282 3062 είς
1305 2992 1341 3055 τό
1368 2992 1493 3057 πιθανόν
1517 3016 1601 3071 περι-

417 3096 626 3175 πεπεμμένα.
675 3093 869 3162 Saevissime
897 3095 1082 3161 anornon
1105 3095 1273 3161 Oeconom.
1293 3094 1319 3161 Ι.
1340 3099 1395 3162 20.
1419 3096 1599 3177 προσποιού-

419 3223 512 3279 μεναι
545 3200 646 3277 ἡδοναί
682 3197 761 3266 εἶναι
791 3206 993 3283 καταφανεῖς
1018 3200 1190 3279 ’γίγνονται
1220 3198 1266 3265 ότι
1297 3205 1398 3265 λῦπαι
1427 3200 1489 3282 όιρα
1518 3194 1597 3275 ἦσαν

419 3306 541 3379 ἡδοναῖς
566 3306 851 3384 περιπεπεμμέναι.
885 3316 921 3369 nt
947 3303 1029 3369 nihil
1050 3304 1167 3371 horum
1188 3304 1457 3394 praepositionem
1480 3303 1598 3369 admit-

423 3408 481 3486 tit,
505 3408 550 3476 sic
567 3408 718 3478 Lu'clnno
739 3408 935 3493 περιπέττειν
958 3419 1024 3482 τοῖς
1049 3410 1154 3490 λόγοις
1181 3410 1425 3477 restituendum.

468 3511 508 3577 In
531 3516 548 3599 §
569 3518 621 3581 23.
635 3505 741 3597 ’κραίνη
765 3517 795 3581 δὲ
819 3504 1007 3593 ἐπικείμενοι
1035 3515 1223 3593 παγγέλοια
1244 3514 1404 3595 κεχηνότα
1425 3514 1602 3593 παμμέγε-

421 3620 469 3692 θες
498 3619 609 3684 vitinm
630 3620 712 3685 inest
733 3617 788 3685 sed
807 3617 907 3707 ipsius
927 3616 1090 3697 Lucrini,
1119 3618 1176 3707 qui
1202 3629 1309 3687 tamen
1330 3620 1472 3684 excusari
1493 3631 1598 3709 potest

423 3726 574 3815 quoniam
605 3748 715 3791 omnes
741 3736 808 3789 turn
830 3724 873 3789 ite
894 3723 1052 3791 errabant.
1103 3724 1250 3803 Veteres,
1278 3726 1386 3815 quiin
1409 3725 1545 3791 dicendo
1566 3736 1599 3791 et

421 3842 570 3897 naturam
597 3855 704 3897 rerum
733 3830 838 3896 verbis
869 3830 1055 3897 referebant
1077 3843 1109 3896 et
1135 3833 1306 3899 rethorum
1328 3855 1454 3899 sensum
1476 3833 1599 3924 perspi·

412 3937 565 4014 *ciebanh
588 3938 734 4003 solebant
754 3936 865 4006 dicere,
878 3935 1004 4017 κρόκος.
1026 3939 1298 4020 περικεφαλαίαν,
1319 3940 1468 4013 πιλίδιον,
1493 3939 1597 4020 ςὲφν-

421 4067 483 4116 νον,
515 4052 720 4124 προσωπεῖον,
744 4042 872 4124 τιοίραν,
898 4040 1029 4119 similia,
1048 4042 1252 4123 περιτιθέναι,
1281 4045 1488 4125 περιτίθεσθαι
1507 4026 1542 4109 ¹et
1562 4044 1596 4107 in

420 4147 565 4237 perfecto
585 4150 790 4229 περικεῖσθαι,
817 4147 930 4213 vitiosa
949 4147 1133 4238 sequiorem
1153 4150 1296 4225 συνήθεια
1326 4151 1431 4240 eoepit
1451 4148 1499 4215 his
1518 4149 1596 4215 sub·
1621 4226 1628 4235 Ι

420 4253 551 4329 stituere
572 4254 757 4327 ἐπιτιθέναι,
782 4253 995 4331 ἐπιτίθεσθαι,
1015 4255 1201 4319 ἐπικεῖσθαι.
1238 4254 1404 4341 Δίῑίοἱεινε
1424 4256 1593 4341 antiquum

422 4360 567 4425 obtinent
588 4371 621 4424 et
637 4359 829 4448 permiscent
849 4359 1050 4449 antiquitatis
1064 4372 1265 4426 constantem
1286 4384 1377 4425 usum
1393 4380 1466 4423 cum
1482 4377 1593 4419 reeen-

420 4466 501 4529 tiore
528 4465 732 4557 negligentia.
780 4463 964 4544 Lucum,
990 4467 1100 4557 quiin
1124 4466 1222 4548 κριόνη
1237 4466 1423 4544 ἐπικείμενοι
1443 4484 1517 4525 eum
1539 4483 1595 4527 ee·
1659 4494 1665 4506 ·

401 4651 403 4655 ι
422 4568 571 4657 qualibus
601 4581 704 4648 errat,
731 4567 817 4634 idem
833 4570 878 4635 in
897 4560 931 4637 ie
952 4570 1066 4637 endem
1087 4584 1174 4639 reete
1197 4572 1342 4637 imitatur
1357 4578 1477 4635 veteres
1499 4570 1517 4655 §
1539 4572 1594 4637 32.

421 4674 526 4741 ἐκεῖνον
560 4674 603 4744 τόι
624 4673 731 4757 ικριίνη
758 4676 957 4759 περιθήσεσθε
985 4676 1028 4742 τόν
1059 4677 1230 4763 κεχηνότα,
1258 4685 1301 4739 nt
1327 4674 1372 4742 in,
1393 4673 1493 4743 altero
1522 4676 1595 4743 loeo
