3767 5717
869 606 933 670 173

307 802 421 894 peritia
450 798 576 868 Codicis
606 799 640 865 in
663 798 719 864 illa
740 809 830 889 parte
855 798 941 865 uuici
965 800 1137 891 scripturas
1157 800 1350 890 excerpserit
1369 810 1401 865 et
1423 798 1481 865 de·

307 908 483 1000 scripserit,
507 904 592 997 quod
613 904 640 970 si
656 903 759 994 perite
780 915 812 969 et
832 902 1005 995 diligenter
1025 906 1153 972 lecisset
1172 904 1334 999 equidem
1342 905 1482 981 lacinus,

307 1036 372 1102 qno
401 1036 467 1079 non
498 1022 544 1077 est
565 1009 672 1088 aliud,
700 1021 735 1074 nt
754 1010 822 1099 ipse
841 1010 982 1089 iocatur,
1008 1013 1105 1103 magis
1127 1021 1259 1089 atrum,
1283 1010 1356 1076 satis
1375 1032 1479 1101 aequo

307 1118 413 1183 auimo
443 1118 524 1181 lerre
556 1137 690 1205 possem.
737 1114 832 1180 Nunc
852 1128 964 1181 contra
983 1129 1048 1183 est:
1080 1116 1286 1185 Gouurrutus
1305 1129 1342 1181 ut
1361 1117 1480 1206 ingenii

306 1224 475 1290 velocitate
514 1232 546 1286 et
583 1222 747 1285 feracitate
783 1220 865 1286 ralet
899 1233 931 1287 et
960 1222 1107 1287 acumine
1138 1222 1248 1287 indicii
1281 1233 1314 1287 et
1351 1221 1481 1312 pulchri

305 1351 398 1396 seusu
429 1340 461 1393 et
491 1328 524 1392 in
553 1326 722 1393 scribendo
743 1348 852 1392 omnes
875 1326 973 1392 babet
991 1350 1120 1393 reueres
1142 1328 1353 1417 leporesque,
1376 1329 1424 1394 aie
1446 1329 1479 1391 in

307 1456 341 1499 re
364 1434 576 1498 Grammatico
596 1433 767 1522 plumbeus
789 1445 854 1511 est,
885 1432 994 1498 tardus
1015 1434 1158 1500 discendi
1177 1435 1260 1499 lerre
1283 1434 1426 1499 laborem
1447 1445 1479 1498 et

306 1538 503 1617 meditandi,
533 1560 591 1603 nec
610 1538 760 1604 diuturna
782 1539 1000 1605 observatione
1031 1540 1218 1605 Graecitatis
1237 1562 1332 1605 nsum
1350 1560 1480 1604 omnem

307 1644 514 1710 strationem
536 1646 577 1709 ito
602 1643 739 1709 babebat
763 1657 981 1735 perspectam,
1015 1658 1051 1710 ut
1072 1669 1145 1711 rera
1164 1670 1182 1710 a
1202 1645 1307 1723 falsis,
1339 1644 1439 1735 proba
1462 1666 1481 1707 a

306 1750 420 1840 spuriis
448 1762 536 1815 certo
557 1750 675 1815 iudicio
698 1750 877 1816 discernere
900 1763 1018 1843 posset.
1065 1751 1179 1841 ltaque
1200 1751 1329 1841 iugenio
1349 1762 1481 1840 potens,

307 1866 373 1921 arte
402 1867 435 1921 et
465 1855 597 1921 scientia
624 1856 826 1934 imbecillus,
855 1878 919 1922 non
947 1858 972 1921 is
991 1869 1057 1922 erat
1081 1859 1134 1922 coi
1157 1856 1276 1923 codicis
1296 1854 1480 1922 excutiendi

305 1972 338 2027 et
367 1962 570 2028 describendi
599 1964 764 2053 negotium
795 1976 881 2028 recte
904 1963 1048 2028 mandari
1069 1962 1184 2055 posset.
1224 1961 1377 2029 Codicum
1397 1960 1479 2025 ruo-

308 2073 475 2133 rentinum
507 2069 603 2158 igitur
633 2080 697 2134 tam
727 2068 925 2157 negligenter
953 2068 1107 2146 excussit,
1133 2080 1197 2132 tam
1218 2068 1366 2157 imperite
1384 2065 1483 2155 legit,

307 2184 343 2239 ut
371 2174 402 2238 in
434 2197 470 2240 ea
499 2187 608 2265 parte,
641 2196 738 2265 quarn
765 2198 830 2240 non
852 2174 986 2253 delerit,
1009 2160 1184 2265 permultos
1205 2174 1306 2239 bonas
1326 2173 1482 2239 lectiones

306 2280 498 2369 neglexerit,
531 2292 563 2345 et
590 2278 699 2345 contra
731 2279 913 2368 complures
943 2278 1096 2343 absurdas
1131 2277 1245 2345 Godici
1275 2278 1482 2369 imputaverit

307 2386 363 2450 ubi
393 2384 474 2449 nihil
508 2398 574 2451 erat
607 2398 767 2465 erratum,
799 2385 896 2453 modo
930 2385 1100 2474 diligenter
1126 2396 1158 2448 et
1181 2386 1282 2451 oculis
1303 2383 1482 2449 exercitatis

307 2488 450 2580 legisset;
475 2489 507 2555 in
526 2515 564 2557 eo
585 2492 673 2567 loco,
698 2514 793 2581 quern
814 2492 880 2557 lere
898 2503 1000 2556 totum
1022 2490 1255 2581 pessumdedit,
1274 2491 1483 2579 compluscu-

307 2594 353 2660 las
374 2594 526 2659 lectiones
548 2595 641 2659 salsas
661 2608 693 2660 et
713 2598 837 2685 ineptas
860 2596 1050 2685 protulerit,
1080 2619 1160 2686 quas
1182 2597 1243 2662 sibi
1262 2596 1346 2661 risus
1367 2605 1415 2660 est
1435 2595 1483 2659 ri·

309 2697 399 2777 dere,
430 2698 483 2763 sed
512 2721 591 2789 quas
620 2700 693 2765 satis
722 2712 854 2790 apparet
874 2700 1017 2767 eiusdem
1037 2702 1158 2767 larioae
1178 2725 1245 2768 esse
1268 2716 1367 2791 atque
1392 2723 1483 2775 corn·

309 2804 443 2887 ρνφήνεν
465 2804 498 2869 in
520 2804 744 2872 Xttttot’ttorrtr
765 2794 920 2871 Ernesto.
970 2806 1046 2873 lllas
1067 2807 1180 2897 igitur,
1204 2806 1287 2872 libro
1310 2804 1484 2872 accuratis·

312 2908 390 2974 sime
411 2908 574 2998 perlecto,
602 2910 670 2999 ipse
691 2909 823 2999 collegi,
847 2908 905 2975 bas
925 2921 1072 2975 aeternae
1091 2910 1244 2976 tenebrae
1267 2921 1300 2976 et
1318 2920 1400 2975 atro
1422 2930 1485 2975 nox

309 3026 460 3104 premunt
489 3027 713 3105 prementque.
761 3014 799 3080 ln
820 3038 858 3081 eo
879 3015 977 3093 lolio,
1001 3014 1089 3106 qnod
1110 3016 1155 3080 sic
1176 3015 1233 3080 ille
1252 3015 1411 3105 perdidit,
1435 3014 1485 3079 la·

311 3120 413 3185 ciniae
445 3122 618 3209 quaedam,
643 3121 729 3187 relut
759 3121 881 3187 insulae
906 3120 939 3186 in
961 3122 1040 3187 mari
1062 3132 1170 3199 vasto,
1193 3134 1347 3213 apparent
1369 3132 1400 3187 et
1421 3118 1486 3209 legi

309 3238 459 3315 possunt,
493 3227 577 3293 unde
605 3228 672 3293 eius
701 3227 965 3293 tidesaesrimari
994 3228 1178 3293 etiamnunc
1209 3241 1315 3318 potest
1339 3240 1371 3294 et
1393 3225 1483 3293 codi-

311 3352 383 3397 cum
405 3333 615 3423 legendornm
636 3335 779 3401 laonltas.
828 3336 874 3401 Er
892 3336 948 3414 iis,
981 3357 1064 3425 qnae
1083 3334 1264 3401 Florentiae
1285 3334 1364 3401 olim
1384 3346 1509 3399 auno··

311 3438 390 3516 tari,
410 3460 592 3529 expromam
615 3462 701 3505 nunc
721 3440 894 3519 nonnulla,
918 3441 1004 3505 uude
1025 3441 1126 3507 oratio
1146 3440 1254 3507 Louor
1268 3453 1301 3507 et
1321 3438 1486 3507 emendari

311 3545 422 3634 possit*
438 3557 469 3610 et
500 3547 661 3612 stabiliore
680 3546 890 3611 fundamento
915 3546 1037 3612 firmius
1058 3547 1220 3613 constitui.
1268 3546 1395 3611 Faciam
1421 3543 1485 3608 ini·

310 3651 390 3714 tium
418 3650 458 3714 ab
486 3651 544 3715 illo
566 3651 655 3728 loeo,
681 3674 777 3739 quem
799 3648 1007 3717 Countuuros
1029 3655 1137 3717 statim
1159 3664 1232 3741 post
1253 3664 1411 3741 repertam
1434 3649 1487 3714 ln·

315 3776 384 3821 cem
405 3757 437 3821 in
458 3768 559 3823 atram
579 3757 750 3846 caliginem
771 3756 872 3821 redire
891 3757 988 3822 iussit.
1014 3757 1146 3846 Legitur
1162 3758 1195 3822 in
1213 3756 1332 3824 (lodice
1351 3754 1431 3820 folio
1441 3758 1485 3819 23

312 3884 422 3940 verso,
452 3861 542 3926 cuius
571 3862 691 3951 primus
712 3884 819 3926 sersus
839 3870 902 3925 est:
929 3860 979 3924 ἐπὶ
999 3862 1128 3939 setiger
1154 3862 1238 3941 δρυὸς
1263 3859 1412 3925 ἐσκόπουν
1441 3859 1486 3937 μή

312 3988 342 4030 rr
367 3966 458 4046 μέρος
481 3968 534 4029 τοῦ
557 3968 701 4045 σώματος
730 3967 744 4029 ὃ
775 3966 888 4049 iddare
916 3964 1022 4048 ᾕμαξε
1046 3965 1247 4029 καταπεσών.
1273 3965 1406 4045 rispens
1428 3962 1486 4039 μὲν

312 4064 361 4133 οὖν
384 4070 466 4133 οὐδὲν
487 4070 553 4134 οὐδὲ
578 4070 701 4152 gonaro
725 4070 826 4144 οὐδέν,
863 4062 1046 4135 huiusmodi
1074 4092 1180 4135 versus
1204 4068 1422 4134 minutissimis
1444 4067 1486 4131 li·

313 4160 423 4239 torulis
453 4174 616 4264 eleganter
644 4176 777 4265 scriptos
802 4176 1092 4266 pagina'quaoque
1119 4174 1216 4240 habet
1241 4159 1489 4266 trigintaocto,

313 4278 444 4344 ultimus
471 4291 517 4345 est
545 4276 640 4343 buius
664 4279 816 4368 paginae:
841 4281 920 4346 κύνν
946 4281 1088 4362 τρέφειν,
1113 4281 1139 4344 εἱ
1160 4281 1192 4345 δὲ
1212 4283 1251 4353 ὡς
1275 4281 1404 4360 λέγουσι
1430 4281 1483 4344 ael
1512 4280 1515 4285 ’

254 4418 258 4427 ·
312 4384 367 4461 αἲξ
384 4385 467 4465 αὐτῷ
484 4384 576 4461 γάλα
597 4381 723 4449 δέδωκεν
739 4385 822 4449 οὐδὲν
844 4384 956 4466 ἐρίφων
977 4384 1127 4465 διαφέρει.
1150 4389 1258 4449 andra
1276 4386 1329 4449 ael
1351 4388 1487 4449 rorabant

313 4488 326 4551 ὁ
351 4487 460 4569 elpram
481 4488 546 4553 uel.
596 4486 713 4577 lncipit
742 4486 855 4554 folium
876 4492 919 4553 24
942 4487 1110 4553 rectnm'a
1131 4512 1240 4555 versu:
1265 4489 1351 4568 μετὰ
1375 4494 1485 4555 enirn

314 4592 327 4655 ὂ
353 4592 478 4677 laturre.
509 4586 566 4673 ἐμὲ
596 4594 651 4672 αἲξ
676 4594 842 4675 ἀνέθρεψεν
869 4592 970 4675 ὅνπερ
1001 4595 1055 4658 τὸν
1080 4594 1142 4659 sta.
1176 4595 1257 4672 νέμω
1286 4593 1319 4657 δὲ
1348 4591 1485 4674 τράγους

312 4702 370 4762 τῶν
399 4700 508 4766 τούτου
538 4701 618 4779 βοῶν
650 4699 794 4784 μείζονας
819 4698 876 4780 ἔξω
906 4699 951 4767 δέ.
999 4700 1172 4789 Postquam
1201 4711 1338 4790 utraque
1362 4699 1481 4789 pagina
1536 4685 1542 4701 ⁸
