3767 5717
967 593 1033 657 300

418 787 509 871 νίμοο
528 784 669 868 είσιίγειν
684 783 767 860 ἕτίν,
792 784 972 877 scripserim
990 792 1050 854 τῶν
1069 786 1212 854 τοιούτων
1230 786 1322 853 ἕνεκα
1341 775 1600 871 ἁμαρτηματανζ

422 919 454 986 p.
474 897 518 959 26
536 912 570 959 u.
593 893 660 957 εἰπὲ
683 890 729 957 ἔτι
753 891 927 974 σαφέςερον
942 893 995 957 καί
1016 891 1083 972 ε’μοί
1106 893 1159 958 καί
1186 895 1265 980 [τοῖς
1285 887 1428 978 σίνδροίσι]
1448 887 1597 954 τουτοισί.

420 1027 452 1092 p.
471 1003 515 1068 28
535 1021 568 1064 A.
592 994 605 1062 ὃ
630 998 665 1072 δὴ
689 997 823 1069 πολλοὺς
849 997 901 1061 καί
923 995 1041 1069 ἄλλους
1071 997 1155 1084 [καί]
1178 995 1317 1075 dyocletis
1342 993 1456 1074 ἄνδρας
1474 993 1594 1076 ᾕρηκεν.

421 1130 455 1197 p.
478 1107 518 1170 31
542 1122 573 1169 u.
596 1102 650 1167 καί
670 1104 696 1167 εί
719 1100 777 1180 μέν
805 1102 879 1189 [τοι]
905 1125 936 1166 τι
959 1102 1022 1166 dard
1047 1101 1162 1166 τούτων
1189 1100 1360 1166 οίπὲλαοον.
1395 1123 1428 1188 p.
1448 1103 1488 1164 31
1512 1117 1545 1164 u.
1568 1101 1595 1165 si

425 1212 486 1289 ἐγὼ
513 1206 647 1296 [ποίλαι]
676 1205 869 1287 ἐπεχείρησα
891 1204 1042 1286 προίττεον
1070 1205 1113 1270 re
1141 1203 1289 1270 πολιτικοὶ
1317 1202 1420 1268 ποίκαι
1448 1203 1487 1269 ἂν
1508 1206 1596 1270 cirru-

423 1315 521 1390 λώλη.
556 1337 590 1402 p.
611 1315 653 1376 32
674 1331 706 1377 u.
730 1309 843 1389 ἔτυχεν
862 1313 948 1389 ἡμῶν
977 1313 994 1386 ἦ
1020 1312 1108 1393 <bati
1135 1309 1324 1398 [Ἀντιοχὶς]
1350 1310 1597 1390 πρυτανεύοντα.

423 1528 488 1604 εἰμι
512 1524 643 1598 roduin
668 1546 709 1612 .p.
732 1524 774 1587 40
796 1538 825 1587 c.
854 1518 1034 1600 geroltovero
1050 1531 1103 1602 ’τῇ
1128 1527 1220 1605 ψυχῇ
1251 1521 1317 1609 [τοῦ
1339 1519 1434 1584 vireu
1454 1521 1522 1608 τοῦ]
1550 1522 1598 1585 ε’ν-

424 1630 508 1696 ίένδε
532 1631 575 1702 sis
599 1625 831 1701 duricordem,
857 1637 1021 1716 praeterea
1042 1625 1146 1692 scribe
1164 1627 1354 1705 μετοίκισιο,
1380 1624 1454 1716 quia
1472 1625 1600 1690 animus

421 1736 455 1802 in
476 1746 581 1800 morte
601 1755 667 1798 nou
687 1742 828 1811 μετοικεῖ
847 1731 962 1796 ἐνθένδε
985 1733 1027 1804 εἰς
1048 1729 1146 1796 ἄλλον
1161 1729 1272 1805 τόπον,
1298 1729 1353 1796 sed
1370 1729 1595 1812 μετοικίζεται.

421 1841 459 1908 In
489 1841 671 1908 Phaedone
699 1840 789 1906 locus
819 1852 867 1905 est
895 1863 929 1929 p.
953 1840 1013 1904 117
1038 1856 1067 1904 c.
1102 1839 1177 1902 ἀλλ’
1200 1836 1359 1917 εὔχεσθαί
1381 1835 1420 1913 γέ
1446 1851 1503 1901 που
1528 1843 1597 1908 τοῖς

421 1950 499 2020 θεοῖς
523 1944 608 2024 {issi
627 1969 664 2010 τε
692 1945 746 2009 καὶ
768 1946 830 2025 χρη
855 1944 911 2018 τίρν
935 1941 1115 2022 μετοίκησιν
1134 1941 1190 2015 την
1216 1941 1330 2006 ἐνθένδε
1352 1941 1453 2005 ἐκεῖσε
1473 1940 1595 2018 εὐτυχῆ

380 2041 395 2062 ”
423 2050 587 2129 γενέσθαι,
625 2049 682 2140 qui
711 2049 871 2114 emblema
901 2049 934 2113 in
969 2048 1136 2140 Apologia
1166 2045 1268 2135 arguit
1301 2055 1333 2111 et
1365 2045 1433 2134 ipse
1463 2043 1599 2110 eundern

426 2153 683 2222 emendationem
707 2155 879 2235 μετοίκισιν
903 2153 1035 2243 flagitat.
1503 2169 1505 2178 ’

470 2258 566 2326 Nunc
589 2260 730 2350 denique
751 2258 792 2324 ad
811 2258 901 2324 illurn
920 2270 1044 2348 partem
1067 2255 1249 2323 accedimus
1268 2256 1477 2348 quamobrem
1495 2258 1598 2350 potis·

423 2367 538 2434 simum
570 2367 751 2434 [ποιητικοί
778 2367 813 2432 in
841 2364 890 2430 his
918 2364 1127 2430 Lectionibus
1156 2375 1292 2429 tractare
1316 2364 1532 2443 instituimus,
1562 2376 1599 2430 ut

423 2473 713 2540 demonstraremus
744 2481 865 2560 quanto
896 2491 992 2560 opere
1023 2493 1041 2535 a
1071 2469 1257 2535 Graecitatis
1288 2471 1439 2560 antiquae
1468 2455 1600 2536 dicendi

424 2581 606 2646 sinceritate
626 2578 813 2654 desciverit,
832 2598 929 2666 quam
950 2576 1050 2641 multa
1072 2574 1156 2665 apud
1177 2597 1250 2651 eum
1267 2576 1464 2666 negligenter
1482 2577 1601 2666 scripta

425 2688 489 2750 sint
508 2683 594 2749 etin
617 2682 787 2750 verborum
809 2680 937 2746 delectu
957 2693 989 2748 et
1007 2680 1040 2746 in
1061 2681 1161 2747 forma
1183 2693 1215 2747 et
1235 2683 1465 2772 compositione
1484 2683 1598 2750 edver-

424 2813 477 2856 sus
496 2789 586 2854 illam
607 2800 745 2856 veterem
760 2786 916 2876 loquendi
934 2786 1219 2866 consuetudinem,
1239 2809 1335 2877 quam
1356 2811 1464 2854 omnes
1482 2789 1599 2856 referre

421 2894 627 2984 satagebant,
660 2916 754 2959 nemo
790 2915 944 2982 umquam
972 2891 1096 2982 referre
1121 2892 1237 2982 potuit.
1295 2890 1469 2961 Ostendam
1498 2917 1597 2985 quam

421 3026 517 3094 saepe
545 3002 716 3092 antiquum
743 2999 872 3064 dicendi
901 3015 997 3064 usum
1025 3021 1090 3064 non
1116 2998 1189 3063 satis
1217 2998 1449 3079 observaverit,
1473 3000 1599 3091 quoties

422 3109 530 3174 eliens
561 3118 595 3172 et
624 3105 737 3170 vitiosa
764 3127 801 3168 er
828 3103 1034 3194 popularium
1060 3123 1205 3169 sermone
1229 3116 1261 3168 et
1288 3105 1470 3194 aequalium
1495 3105 1599 3170 admi·

422 3214 565 3291 seuerit,
591 3233 687 3302 quarn
717 3209 856 3299 graviter
882 3211 916 3274 in
947 3209 1113 3275 nonnullis
1143 3208 1250 3300 lapsus
1272 3209 1332 3290 sit,
1359 3223 1406 3289 et,
1435 3222 1469 3275 ut
1500 3209 1599 3301 ipsius

426 3317 530 3386 verbis
559 3329 630 3383 utar
662 3318 736 3402 (58,
763 3317 804 3402 l.)
830 3311 892 3380 irc
920 3315 993 3396 πρὸς
1017 3316 1070 3380 τὸν
1098 3316 1178 3394 ίρίὸν
1202 3314 1317 3380 κανόνα
1345 3319 1388 3399 τῷ
1410 3321 1601 3397 συγγραφεῖ

423 3421 645 3504 ἀπηκρίβωται
670 3420 723 3486 καί
750 3416 810 3485 doe
832 3419 973 3499 κίβδηλοι
993 3418 1046 3484 καὶ
1071 3418 1143 3483 odda
1169 3418 1222 3484 κἀί
1242 3420 1529 3502 παρακεκομμένα,
1555 3443 1598 3487 ne

425 3528 496 3620 quis
518 3549 672 3617 umquam
689 3525 724 3590 iu
743 3524 842 3591 Attici
862 3524 1016 3590 sermonis
1035 3523 1232 3614 proprietate
1246 3536 1279 3590 et
1295 3547 1353 3590 usu
1372 3526 1597 3594 constituendo

426 3636 578 3701 Luctstto
606 3644 687 3698 teste
717 3641 845 3709 utatur,
874 3629 936 3694 uisi
956 3630 1012 3694 ubi
1033 3651 1106 3694 cum
1129 3630 1223 3694 certis
1246 3641 1278 3697 et
1297 3630 1444 3720 genuinis
1467 3633 1599 3718 testibus

429 3741 589 3806 consentit
610 3750 644 3805 et
664 3737 839 3803 orationem
860 3759 950 3801 suam
970 3736 1044 3817 πρὸς
1063 3736 1115 3800 τὸν
1132 3737 1212 3816 iptio
1229 3731 1343 3802 κανίνα
1362 3739 1599 3820 οίπηκρίβοοσεν,

427 3867 531 3936 aquo
555 3844 581 3910 si
602 3842 732 3934 quando
752 3841 955 3908 recedentem
978 3838 1156 3906 ridebimus
1177 3852 1233 3906 sut
1252 3841 1430 3908 Lucrruuu
1451 3855 1506 3909 aut
1527 3844 1600 3934 qui·

424 3973 567 4042 cumque
586 3950 752 4044 eliquanto
772 3959 845 4038 post
859 3945 1030 4013 Alexandri
1049 3957 1185 4012 mortem
1205 3945 1324 4012 Graece
1342 3949 1468 4039 scripsit
1488 3949 1600 4016 sedulo

425 4057 612 4123 carebimus
647 4077 688 4120 ne
719 4055 849 4120 illorum
883 4052 1074 4143 negligentia
1113 4064 1145 4121 et
1175 4053 1334 4120 erroribus
1363 4076 1426 4120 unu
1457 4056 1600 4123 omnium

428 4160 697 4253 praestantissime
720 4160 846 4250 lingua,
876 4181 939 4250 qua
959 4157 1111 4224 mortales
1134 4180 1289 4250 umquam
1311 4160 1359 4226 usi
1383 4159 1464 4239 sint,
1488 4173 1601 4228 conta·-

429 4266 545 4334 minari
567 4277 600 4331 et
623 4265 726 4357 pollui
750 4265 906 4331 videatur.

474 4372 548 4439 Non
577 4383 626 4436 est
654 4371 688 4436 in
714 4371 822 4435 animo
852 4389 1000 4457 magnam
1025 4366 1115 4434 illam
1144 4369 1267 4460 copiam
1290 4378 1347 4445 τῆς
1363 4371 1599 4451 μικρολογίας,

432 4471 529 4571 quim
548 4477 581 4542 in
599 4475 767 4541 Lucisneis
789 4474 961 4565 longousu
981 4473 1275 4551 animadverterim,
1296 4499 1422 4542 omnem
1439 4476 1603 4544 effundere

428 4597 461 4651 et
482 4595 605 4650 notare.
651 4581 689 4648 ln
715 4581 823 4648 animo
852 4593 900 4648 est
924 4580 1029 4646 studia
1057 4582 1195 4648 aliorum
1221 4583 1378 4662 excitare,
1400 4584 1557 4675 imprimis
1577 4582 1603 4650 si

430 4692 488 4782 qni
520 4690 663 4782 generosi
692 4688 792 4756 animi
823 4688 953 4757 iuvenes
983 4688 1112 4780 penitus
1144 4711 1210 4756 sese
1225 4690 1273 4755 -iu
1306 4689 1421 4758 Graeci
1449 4691 1604 4758 sermonis
