3767 5717
964 591 1028 662 272

414 805 447 860 et
475 792 610 884 stupidis
639 804 671 859 et
696 793 774 858 alias
795 814 844 858 res
866 793 1052 883 agentibus,
1077 803 1157 885 quos
1177 795 1211 860 in
1232 817 1361 887 quoque
1383 796 1468 864 libro
1493 821 1588 892 saepe

415 899 521 966 ridere
541 909 588 963 est
606 897 784 964 ridiculum⁴
802 899 835 964 in
853 887 986 965 medum
1007 901 1090 966 notis
1109 899 1363 994 tacbygraphicis
1380 903 1541 995 deceptos·
1553 919 1585 974 et

414 1002 676 1094 compendiorum
708 1004 830 1095 laqueis
859 1006 1005 1071 irretitos.
1062 1006 1110 1072 Ile
1139 1007 1196 1072 illa
1225 1007 1346 1098 ingenti
1375 1007 1468 1098 copia
1497 1031 1583 1075 nune

414 1131 529 1200 paucas
558 1109 714 1200 quasdam
745 1112 997 1200 praepositiones
1027 1111 1256 1193 delibabimus,
1290 1113 1324 1178 in
1353 1114 1471 1204 quibus
1499 1116 1584 1182 male

412 1215 633 1307 permutandis
661 1215 903 1281 hallucinantur
923 1217 1044 1282 librarii
1064 1229 1097 1283 ct
1117 1219 1239 1284 faciunt
1259 1231 1295 1284 ut
1315 1231 1401 1284 certa
1420 1235 1503 1310 quae
1523 1220 1584 1285 sint

353 1353 359 1364 ·
411 1323 534 1386 incerta
561 1319 740 1387 rideantur.
787 1320 891 1386 Prima
921 1333 989 1387 esto
1016 1323 1209 1413 praepositio
1232 1315 1332 1404 πρός,
1356 1324 1449 1389 cuius
1475 1347 1511 1389 ea
1534 1336 1582 1389 est

411 1426 489 1517 sigla
519 1425 741 1505 usitatissima,
773 1447 869 1516 quam
895 1426 1035 1494 Bssrtus
1056 1428 1089 1492 in
1112 1453 1164 1494 aes
1184 1423 1388 1495 incidendam
1408 1423 1530 1500 curarit
1548 1431 1583 1495 iu

415 1531 595 1598 Commeat.
617 1532 809 1622 ‘Palaeogn
834 1532 912 1598 Tab.
934 1531 977 1599 Il.
1000 1538 1019 1598 2
1043 1545 1074 1598 et
1096 1539 1127 1605 3.
1171 1533 1233 1618 Qui
1254 1535 1364 1626 siglam
1384 1557 1449 1600 non
1469 1547 1586 1602 norant

412 1636 567 1728 sequioris
592 1638 703 1703 aetatis
733 1637 855 1704 scribae
878 1660 938 1729 pro
961 1638 1034 1719 πρός
1056 1638 1131 1704 dare
1152 1639 1255 1705 solent
1275 1639 1381 1718 κοινοὶ,
1403 1641 1483 1719 ἀπὸ,
1507 1641 1582 1719 κον),

410 1748 467 1824 ὡς,
493 1767 630 1835 quorum
663 1745 806 1810 omnium
834 1755 929 1810 notae
950 1767 1016 1808 non
1038 1756 1111 1810 sunt
1132 1743 1306 1810 admodum
1326 1743 1510 1822 dissimiles,
1529 1757 1587 1810 aut

413 1851 470 1916 ubi
496 1851 764 1941 praepositionem
788 1849 915 1916 subesse
932 1849 1137 1944 intelligunt,
1162 1871 1244 1940 quac
1264 1849 1303 1914 sit
1321 1860 1426 1914 autem
1446 1870 1584 1938 praepo-

412 1956 485 2021 sitio
504 1956 549 2020 sic
567 1967 675 2020 notata
697 1955 862 2046 ignorant,
879 1967 1006 2045 ponunt
1027 1956 1121 2021 aliam
1143 1954 1334 2046 quamlibet,
1355 1975 1435 2044 quae
1453 1964 1582 2018 senten·

413 2061 476 2126 tiae
508 2072 685 2150 utcumque
715 2060 950 2127 accommodari
979 2084 1072 2152 posse
1101 2059 1264 2139 rideatur,
1296 2059 1450 2151 imprimis
1479 2053 1586 2139 ποίροὶ,

410 2166 468 2232 ἐπί
492 2177 524 2232 et
551 2152 733 2256 saepissime
762 2168 827 2246 εἰς,
861 2178 917 2231 aut
947 2166 1087 2258 denique
1113 2166 1329 2257 importunam
1353 2175 1463 2229 notam
1487 2164 1584 2255 plane

410 2271 579 2362 negligunt
600 2284 632 2338 et
655 2273 825 2350 omittunt,
839 2263 932 2337 'unde
955 2273 1028 2354 πρός
1052 2285 1114 2337 tam
1137 2293 1231 2362 saepe
1249 2272 1316 2338 sine
1336 2271 1469 2362 vestigio
1485 2271 1583 2336 inter·

408 2380 456 2444 ire
493 2377 583 2444 solet.
640 2378 686 2443 Ea
713 2378 800 2443 fraus
829 2389 935 2469 potest
964 2399 1205 2468 nonnumquam
1237 2377 1381 2468 quamuis
1410 2377 1521 2443 doctos
1551 2388 1584 2442 et

411 2496 521 2549 acutos
549 2483 684 2550 lectores
712 2483 840 2563 fallere,
874 2495 906 2548 at
933 2483 1114 2573 saepissime
1139 2483 1408 2574 deprehenditur,
1432 2483 1489 2548 ubi
1511 2481 1584 2564 πρός

410 2588 622 2656 necessarium
644 2600 691 2654 est
710 2600 743 2654 et
761 2589 843 2654 male
862 2579 1086 2668 desideratur,
1103 2601 1158 2654 aut
1177 2588 1234 2656 ubi
1249 2591 1292 2662 εἷς
1313 2597 1494 2680 appareret
1509 2590 1583 2672 πρό·

409 2696 600 2786 requiritur,
629 2706 683 2760 aut
712 2718 771 2785 pro
792 2694 865 2776 πρός
884 2707 994 2761 contra
1022 2687 1217 2762 Graecorum
1237 2695 1502 2761 consuetudinem
1522 2695 1583 2760 alia

411 2801 541 2892 quaeris
571 2801 766 2891 praepositio
792 2795 974 2891 comparet,
1005 2814 1059 2866 aut
1080 2802 1192 2868 rocula
1214 2801 1397 2892 quaelibet,
1420 2825 1502 2893 quae
1521 2813 1584 2868 tam

406 2905 591 2998 importuna
612 2918 659 2971 est
680 2928 716 2971 ac
736 2906 809 2987 πρός
831 2918 878 2971 est
897 2907 1092 2972 conveniens
1112 2917 1144 2972 et
1163 2919 1285 2997 aptum.
1333 2906 1584 2998 Nonnumquam

410 3012 589 3079 contrarius
608 3012 928 3090 errorcommittitur
943 3023 976 3076 et
994 3012 1067 3093 πρός
1084 3012 1202 3102 legitur
1217 3013 1273 3077 ubi
1290 3012 1352 3078 alia
1367 3014 1473 3078 omnia
1489 3013 1584 3078 scribi

410 3119 557 3185 debuisse
581 3129 715 3184 constet.
764 3118 821 3183 His
840 3118 938 3208 igitur
959 3118 1252 3185 omnibuscertum
1273 3119 1504 3186 emendationis
1525 3143 1583 3212 pa-

411 3237 514 3291 ratum
541 3223 733 3314 praesidium
764 3236 830 3303 est,
851 3224 875 3288 si
896 3224 943 3288 uti
965 3224 1044 3289 scies
1063 3236 1095 3289 et
1115 3224 1256 3291 audebis.
1304 3226 1429 3316 inspico
1444 3225 1584 3317 primum

412 3327 570 3395 (lodicum
592 3329 782 3420 scripturas,
806 3328 892 3395 unde
912 3351 994 3418 quac
1015 3329 1152 3395 diximus
1172 3333 1415 3397 confirmentur:
1435 3335 1470 3409 9,
1495 3336 1531 3410 5,
1550 3335 1582 3397 2

412 3437 443 3507 ἐς
459 3471 505 3484 -
519 3433 592 3514 πρός
617 3433 792 3523 permutari
817 3433 952 3513 ridebis,
974 3439 1039 3515 10,
1066 3440 1122 3516 13,
1144 3443 1177 3502 Ι5.
1193 3427 1330 3504 resisus
1352 3439 1424 3520 πρὸς
1446 3435 1482 3500 rb
1502 3435 1584 3502 edn-

349 3547 354 3557 '
410 3556 480 3617 λος,
505 3537 560 3603 alii
580 3540 611 3611 ἐς
630 3539 665 3604 πὸ
686 3563 733 3617 νο,
755 3539 843 3630 quod
862 3561 971 3624 rerum
993 3553 1040 3606 est
1053 3525 1134 3606 'nam
1155 3530 1292 3610 ε’πόοννεῖν
1308 3543 1351 3616 εἵς
1370 3567 1400 3609 το
1421 3553 1453 3608 et
1472 3543 1583 3624 ψέγειν

410 3644 454 3717 εἷς
481 3669 513 3708 τι
542 3634 725 3709 constanter
753 3643 921 3722 dicebant,
945 3669 1121 3736 numquam
1143 3646 1216 3727 πρός
1245 3672 1287 3713 πο.
1322 3651 1378 3726 11,
1403 3651 1435 3714 7.
1455 3649 1527 3728 πρὸς
1547 3649 1582 3714 rd

408 3748 569 3830 πρόσωπον
600 3748 807 3828 οξποπτύσοος,
841 3749 960 3815 dicitur
987 3755 1029 3824 εἷς
1058 3752 1109 3817 τὸν
1134 3754 1268 3826 κόλπον,
1296 3755 1338 3824 εἰς
1365 3753 1400 3818 τὸ
1423 3753 1582 3834 πρόσωπον

410 3855 535 3932 πτύειν,
561 3853 753 3931 οἶποπτύενν,
775 3853 885 3945 itaque
903 3859 946 3929 εἰς
968 3879 1101 3947 repone;
1124 3861 1180 3935 16,
1203 3859 1256 3923 20.
1281 3860 1311 3931 ἐς
1328 3895 1372 3910 -
1387 3858 1461 3941 πρός
1478 3901 1515 3914 -
1533 3861 1582 3932 ὥς.

407 3963 475 4038 17,
505 3963 535 4023 la.
560 3960 633 4039 πρὸς
660 3960 833 4039 ἐλευθερίαν
855 3964 1080 4044 οέφοονρεῒοθοον,
1105 3986 1170 4028 non
1199 3964 1291 4029 aliter
1316 3987 1413 4056 quam
1433 3968 1475 4039 sic
1499 3967 1585 4032 ἕλεν·

411 4066 509 4146 θερίαν
531 4065 582 4128 ius
601 4062 635 4128 et'
653 4087 722 4130 mos
742 4077 788 4130 est
808 4066 925 4133 dicere.
953 4067 1030 4133 ibid.
1048 4075 1065 4156 §
1086 4073 1115 4134 9.
1131 4068 1216 4134 male
1235 4067 1376 4134 abundat
1395 4070 1429 4134 in
1449 4072 1583 4152 χρῆσθαι

412 4172 485 4250 πρὸς
515 4166 533 4234 i‘
556 4193 586 4233 m
618 4167 656 4232 ἂν
682 4170 835 4236 ἐθέλωσιν.
869 4176 925 4251 18,
958 4177 1009 4241 11.
1038 4173 1133 4241 codd.
1161 4167 1306 4247 εἰσιόντος
1328 4211 1374 4226 -
1397 4175 1583 4257 προσιόντες.

413 4281 472 4356 20,
498 4280 550 4343 52.
574 4275 607 4339 in
627 4274 720 4340 libris
738 4288 787 4342 est
806 4279 878 4356 uel,
904 4279 977 4361 πρός
998 4291 1030 4346 et
1052 4277 1114 4346 ἐπί.
1142 4283 1201 4361 20,
1225 4283 1277 4347 28.
1300 4282 1372 4363 πρὸς
1390 4281 1527 4361 ἐμαυτόν
1544 4317 1586 4332 -

411 4386 485 4449 κοτ’
517 4380 665 4460 incuria.
699 4384 763 4470 20,
799 4385 852 4446 29.
884 4385 927 4455 εἷς
961 4384 1097 4466 Κόρινθον
1123 4423 1169 4438 -
1193 4387 1266 4466 arpis
1296 4386 1442 4468 dervios.
1473 4391 1532 4466 32,
1556 4392 1589 4470 4,

412 4487 486 4571 πρός
502 4488 616 4558 -εἰς,
644 4489 702 4563 40,
730 4489 781 4552 19.
811 4486 1005 4571 ποοσβνβοέζ,
1028 4525 1069 4538 -
1085 4491 1249 4574 ε’μβνβοὶζῃ
1274 4502 1307 4556 cl
1332 4495 1376 4566 εἰς
1403 4491 1526 4560 ἔποοννον
1541 4529 1587 4546 ·-

413 4594 487 4676 πρὸς
522 4590 657 4659 ἕποονον.
694 4594 753 4669 il,
792 4593 846 4658 12.
881 4594 954 4672 πρὸς
984 4595 1097 4676 Φολίοον
1123 4633 1170 4650 --
1191 4598 1236 4669 εἰς
1266 4593 1393 4679 Φολίοον,
1425 4609 1458 4663 et
1488 4604 1505 4687 §
1534 4605 1586 4667 35.

414 4698 487 4783 πρός
508 4735 554 4749 -
572 4697 626 4769 εἷς.
659 4698 716 4774 12,
745 4700 798 4764 23.
829 4698 860 4770 ἐς
882 4699 938 4774 τὴν
962 4689 1217 4782 φνγῖον--ποὸς
1237 4703 1294 4778 τὴν
1313 4702 1421 4784 φυγήν
1442 4715 1475 4770 et
1497 4707 1515 4790 §
1535 4709 1589 4772 3⁷.
