3767 5717
986 624 1026 684 78

416 809 543 881 γῆμαι
567 800 618 865 ἐπὶ
640 804 692 864 τοῦ
716 797 819 879 ἀνδρὸς
844 795 995 874 λέγεται,
1018 794 1217 874 γημασθαι
1238 793 1270 858 δὲ
1290 795 1340 858 ἐπὶ
1360 804 1415 871 τῆς
1435 799 1598 876 γυναικὸς,

417 910 451 973 οὐ
471 905 715 986 γαμηθῆναι,
741 901 797 967 sed
820 909 952 987 peccant
977 890 1160 986 scriptores,
1186 899 1279 985 Apud
1302 901 1503 969 Paurrncuuu
1523 903 1600 990 legi·

422 1019 479 1078 tur
502 1012 683 1092 γαμηθῆναι
707 1009 739 1073 in
778 1006 891 1072 Theseo
914 1011 979 1082 20,
1007 1006 1102 1072 Oicer.
1126 1009 1191 1083 29,
1213 1007 1458 1087 γαμησομένην,
1485 1009 1598 1076 Artax.

418 1121 480 1194 26,
503 1114 696 1196 γαμηθείσης
709 1111 823 1179 Aulon.
838 1116 876 1189 2,
899 1113 1098 1192 γαμηθεῖσαν
1125 1110 1208 1177 Caes.
1224 1117 1264 1189 5,
1287 1112 1405 1178 similia
1429 1113 1515 1179 alibi.
1561 1116 1598 1182 lu

417 1222 529 1288 eadem
548 1239 583 1285 re
607 1218 689 1284 alius
716 1226 764 1284 est
782 1218 906 1283 Lucum
923 1225 956 1282 et
975 1215 1204 1282 Graeculorum
1229 1235 1338 1282 error:
1362 1217 1495 1284 verbum
1520 1222 1601 1307 pris-

417 1346 492 1392 cum
520 1333 552 1391 et
576 1323 652 1390 olim
672 1324 924 1389 intermortuam
949 1321 1065 1388 revixit
1084 1323 1178 1388 θπνθω
1195 1324 1263 1388 sive
1283 1323 1388 1400 δπθω,
1412 1326 1497 1412 quod
1514 1329 1599 1414 apud

416 1432 566 1497 Houunuu
584 1427 747 1514 significat
767 1427 943 1507 γεγάμηκα
957 1477 965 1504 ,
978 1425 1062 1492 idem
1082 1427 1116 1492 in
1142 1427 1268 1496 Souours
1290 1427 1414 1513 legibus
1437 1433 1599 1512 exstabat,

416 1534 500 1623 quod
531 1542 563 1600 et
592 1533 720 1601 aliunde
747 1541 859 1601 notum
892 1538 924 1597 et
955 1530 1115 1616 imprimis
1146 1551 1185 1597 ex
1211 1532 1364 1598 Husucuro
1388 1553 1417 1599 v.
1450 1547 1599 1606 Βεινεΐν

417 1641 563 1730 (antique
585 1660 641 1726 pro
661 1637 788 1726 βινεῖν);
814 1638 901 1720 παρθι
926 1636 1042 1702 Σθλωνι
1067 1637 1102 1702 ri
1120 1634 1180 1720 βίην
1198 1637 1402 1716 συγγίνεσθαι
1428 1639 1486 1729 (sic
1507 1640 1600 1732 leg),

414 1747 451 1813 τὸ
474 1745 506 1810 δὲ
530 1747 616 1810 κατὰ
639 1744 728 1824 νόμον
758 1743 916 1816 troam
946 1741 1021 1806 hinc
1046 1741 1210 1827 sequiores
1226 1743 1434 1828 arripuerunt
1454 1743 1520 1812 lere
1540 1747 1599 1814 las-

415 1851 487 1915 civo
524 1870 639 1926 seusu,
675 1867 738 1935 quo
765 1855 797 1912 et
831 1846 980 1912 Lucrinus
1008 1843 1144 1912 subinde
1179 1845 1346 1925 abutitur,
1384 1855 1419 1914 ul
1449 1856 1512 1926 17,
1544 1858 1599 1924 41.

414 1956 533 2037 Τηρεὺς
558 1955 606 2019 δύ’
628 1954 775 2036 ἀδελφὰς
804 1950 875 2032 ἅμα
899 1952 1029 2017 θποθωνε
1052 1951 1186 2017 emenda
1217 1951 1323 2017 locum
1350 1957 1412 2028 55,
1437 1959 1487 2020 12.
1516 1959 1542 2024 οἱ
1566 1959 1597 2026 δὲ

414 2059 462 2126 ἔτι
486 2059 675 2142 γελοιθτερον
702 2058 801 2137 ἠξίουν
831 2057 1130 2138 μεταςειλαμθνουο·
1149 2057 1258 2132 τινας
1287 2065 1347 2124 τῶν
1377 2058 1413 2136 ἐξ
1432 2063 1598 2142 οἰκήματος

416 2172 569 2244 γυναικῶν
589 2167 725 2234 κελεύειν
752 2164 845 2230 αὐτὸν
881 2163 1027 2251 [συνεῖναι
1051 2162 1120 2249 καὶ]
1147 2161 1280 2240 inoleta,
1311 2164 1413 2230 satius
1436 2168 1498 2232 crit
1526 2170 1595 2235 rauci

415 2290 569 2356 reponere
595 2291 653 2357 pro
685 2268 773 2343 τινας
807 2276 839 2332 et
870 2275 1003 2335 συνεῖναι
1033 2268 1088 2333 κα1
1115 2285 1307 2352 expungere.
1355 2268 1474 2337 undem
1500 2293 1594 2340 sensu

411 2374 531 2441 lascivo
549 2383 582 2441 et
605 2395 721 2462 spureo
744 2374 972 2440 Graeculorum
994 2374 1058 2439 seri
1078 2381 1226 2457 nepotes,
1247 2373 1302 2458 qui
1324 2391 1410 2439 nunc
1437 2377 1593 2444 Graeciam

414 2478 580 2558 incolunt,
600 2481 705 2561 γάμος
729 2488 761 2545 et
777 2487 895 2558 γαμεῖν
915 2478 1070 2546 dicuntur
1093 2475 1208 2543 dicere.
1254 2477 1422 2546 Caeterum
1446 2482 1593 2568 quemad·

414 2583 544 2649 modum
566 2584 712 2654 futurum
736 2591 831 2665 γαμῶ
849 2583 1079 2672 propemodum
1097 2583 1240 2660 interiit,
1260 2583 1306 2648 sic
1326 2603 1417 2650 rarae
1440 2587 1594 2671 quaedam

412 2687 507 2776 longo
535 2691 702 2758 intervallo
733 2689 817 2778 apud
841 2690 995 2754 Lucrinam
1027 2694 1198 2774 emergunt
1232 2687 1386 2774 reliquiae
1420 2689 1596 2762 formarum

412 2794 584 2874 similium,
607 2795 784 2884 quaegolim
812 2793 897 2880 apud
928 2811 1039 2859 omnes
1062 2802 1136 2860 ante
1159 2793 1332 2858 lucrinum
1353 2804 1489 2863 mortem
1514 2801 1596 2868 solae

412 2899 573 2984 vigebant.
607 2891 784 2968 'Futurum
804 2907 853 2965 est
875 2904 934 2974 14,
959 2901 1002 2964 27
1029 2897 1080 2963 lin.
1101 2901 1186 2978 ὑμᾶς
1215 2899 1246 2971 ἐς
1266 2897 1367 2980 αὔριον
1395 2912 1594 2985 παρακαλοῦ·

411 3028 491 3083 μεν,
520 3007 547 3069 si
571 3005 648 3090 quid
673 3005 787 3070 scribis
809 3001 1003 3067 suboluisset
1027 3021 1112 3068 nunc
1134 3004 1397 3086 saponariorum
1418 3007 1612 3094 legeretur,¹

413 3116 450 3174 ul
472 3110 617 3178 καλέσειν
641 3113 777 3184 54,19.
808 3107 1062 3188 προσκαλέσομαι
1087 3111 1145 3184 47,
1170 3111 1200 3173 9.
1233 3109 1372 3176 τελέσειν
1396 3115 1457 3189 67,
1481 3122 1539 3193 11,
1563 3122 1593 3186 2.

413 3213 610 3280 ὑποτελέσειν
635 3220 699 3292 41,
724 3219 776 3279 55.
811 3211 1013 3278 οἷποτελὲσειν
1038 3217 1098 3290 50,
1129 3217 1179 3278 11.
1206 3212 1331 3280 ἕλοθσειν
1355 3221 1417 3292 66,
1441 3223 1495 3284 55.
1518 3245 1598 3306 παρ·

410 3315 537 3385 ελοθσειν
560 3325 623 3394 42,
649 3323 702 3385 22.
726 3318 1044 3397 inconsentaneum,
1065 3321 1151 3394 9‚5.
1174 3317 1337 3385 ἀπολέσαι
1358 3326 1419 3400 42,
1432 3328 1483 3388 55.
1510 3325 1596 3397 alibi.

411 3422 466 3487 Bis
499 3422 538 3487 in.
556 3425 666 3490 eodem
690 3424 786 3492 verbo
817 3432 984 3510 peecatum
1016 3431 1064 3488 est
1089 3426 1152 3499 42,
1178 3427 1231 3488 51.
1268 3426 1357 3503 κάγὼ
1381 3427 1462 3492 οὐδέν
1485 3454 1516 3494 τι
1538 3439 1594 3498 τοῦ

409 3531 690 3610 παρακαλέσαντος
706 3531 749 3604 εἷς
772 3535 862 3595 τοῦτο
885 3529 1044 3607 δεθμενος,
1068 3526 1123 3594 ubi
1143 3537 1231 3595 ceria
1255 3528 1306 3595 lex
1328 3532 1484 3597 sermonis
1506 3536 1596 3604 iubet

409 3630 559 3700 futurum
591 3656 723 3723 ponere;
757 3641 811 3702 τοῦ
849 3637 1106 3717 παρακαλοῦντος
1129 3635 1306 3722 genuinum
1343 3653 1412 3701 esse
1438 3636 1594 3721 arbitror,

410 3738 493 3824 quod
522 3761 664 3827 primum
689 3743 722 3806 in
745 3741 1017 3823 παρακαλέσοντας
1047 3739 1180 3818 abierit,
1215 3740 1331 3806 deinde
1362 3741 1394 3805 in
1425 3743 1593 3814 aoristum.

408 3842 444 3908 ln
479 3846 591 3913 multis
618 3849 733 3914 horum
767 3866 883 3932 anceps
913 3853 946 3912 ct
974 3845 1126 3931 ambigua
1156 3864 1207 3912 res
1240 3855 1289 3913 est
1317 3855 1459 3916 statuere
1483 3861 1593 3919 utrum

408 3950 547 4036 scriptor
571 3953 638 4037 ipsa
668 3973 708 4017 au
741 3951 863 4016 scribae
890 3958 931 4015 et‘
947 3949 1036 4014 scioli
1068 3951 1223 4034 arguendi
1252 3953 1333 4019 sint:
1367 3956 1400 4020 in
1433 3957 1594 4024 nonnullis

409 4072 587 4140 numquam
621 4054 652 4119 id
688 4056 766 4119 satis
804 4062 892 4119 cono
923 4051 1043 4117 indicio
1067 4057 1182 4140 poterit
1214 4056 1358 4132 deliniri;
1389 4059 1448 4125 hoc
1480 4063 1593 4149 utique

409 4158 614 4234 inhumano,
641 4167 676 4225 ut
704 4161 735 4223 in
763 4161 1031 4234 Acerranorum
1058 4165 1167 4244 postea
1193 4163 1225 4226 iu
1252 4163 1344 4241 aliis,
1369 4166 1448 4230 satis
1471 4165 1591 4234 habebo

406 4263 541 4341 vicisse,
570 4284 630 4328 non
665 4265 770 4340 omnia
798 4261 985 4350 imputanda
1010 4283 1078 4330 esse
1110 4273 1286 4354 utcumque
1308 4267 1397 4334 ioeda
1428 4279 1461 4335 et
1485 4273 1591 4358 turpia

406 4369 485 4434 uitia
507 4367 672 4434 hominum
696 4378 942 4456 temporumque
968 4367 1119 4448 iniuriiS,
1143 4370 1198 4437 sed
1219 4371 1333 4438 bonam
1353 4382 1477 4459 partem
1499 4377 1589 4441 vitio·

406 4493 481 4539 rum
508 4481 620 4540 natum
648 4494 716 4540 esse
755 4472 949 4559 negligentia
979 4494 1088 4540 eorum
1118 4476 1282 4563 ipsorum,
1318 4479 1372 4564 qui
1408 4499 1588 4550 sermonem

407 4585 569 4657 veterem,
594 4601 687 4668 quem
714 4580 754 4646 ad
777 4579 930 4646 amussim
954 4579 1140 4666 satagebant
1165 4580 1301 4657 relerre,
1332 4605 1393 4649 non
1422 4587 1500 4652 satis
1527 4589 1587 4673 ipsi

404 4683 578 4760 tenebant,
605 4695 727 4755 arnon
749 4687 876 4773 saepius
902 4687 1038 4754 ridicule
1070 4695 1102 4754 et
1126 4687 1268 4772 ttrrpiter
1298 4688 1584 4768 hallucinareutur,
