3767 5717
859 648 899 710 77

291 839 371 884 rans
390 819 557 905 operiebat.
604 817 816 886 Panareunrss
836 820 920 906 apud
946 821 1042 888 Βειιιι.
1066 818 1180 890 Aoeod.
1204 819 1226 884 1.
1253 838 1281 905 p.
1300 821 1377 884 599.

470 924 566 998 οὐδεὶς
589 924 653 1006 γὰρ
675 924 797 1006 iis'xer'
821 927 881 992 οὐδ’
903 925 1022 1008 ἀνέῳγέ
1045 949 1096 1004 μοι
1121 923 1221 1005 θύραν.

289 1028 351 1110 Qui
373 1028 413 1095 ab
438 1027 626 1097 Oratoribus
648 1028 760 1096 Atticis
779 1039 811 1096 et
832 1031 969 1096 Comiois
1000 1038 1031 1096 et
1063 1030 1202 1095 Pmronn
1234 1028 1347 1096 Graece
1375 1025 1471 1108 discit

287 1133 381 1200 facile
401 1133 460 1200 hoe
481 1133 733 1211 animadvertet,
753 1133 838 1200 docti
867 1135 1070 1202 Grammatioi
1094 1141 1296 1200 nutaverunt.
1322 1132 1470 1200 hortanus

287 1239 357 1324 ipse
386 1239 418 1305 in
443 1241 653 1322 ψενδοσοφιςή
685 1237 710 1328 S
742 1244 773 1304 8.
798 1241 845 1312 ita
874 1240 1061 1310 ludificatur
1088 1237 1326 1324 magistellunr,
1358 1237 1471 1322 quise

286 1345 433 1429 quemvis
453 1344 677 1411 soloecismum
696 1345 806 1413 statim
822 1345 1061 1431 deprehendere
1077 1343 1230 1412 laetabat:
1255 1345 1273 1420 ή
1294 1344 1357 1426 γὰρ
1381 1342 1470 1424 θύρα

286 1449 400 1530 σχεδὸν
429 1448 579 1530 ἀνέῳγέ
609 1472 669 1514 σοι.
692 1487 736 1502 „-
758 1450 827 1516 εἰπὲ
849 1450 951 1529 μόνον.
975 1488 1018 1500 -
1040 1452 1117 1516 ἀλλ’
1138 1445 1233 1516 εἷσον.
1258 1447 1406 1514 -οὐδέν
1429 1470 1469 1524 γε

288 1551 340 1624 ὅς’
361 1553 418 1633 ἐμὲ
440 1555 561 1633 μαθεῖν.
585 1593 630 1611 -··
652 1556 686 1618 οῦ
709 1554 779 1636 γὰρ
805 1553 919 1634 ἔμαθες
940 1556 976 1621 τὸ
999 1555 1180 1637 ανέῳγενς
1204 1592 1248 1603 -
1270 1556 1323 1620 οῦκ
1347 1551 1470 1630 ἔμαθον.

288 1657 439 1729 Alidem
465 1657 561 1726 huius
584 1660 632 1725 rei
652 1659 829 1730 immemor
852 1659 1041 1745 imprudens
1066 1663 1099 1726 in
1126 1657 1294 1726 scribendo
1324 1655 1473 1744 aequales

289 1764 437 1848 sequitur
464 1769 526 1842 10,
551 1767 590 1838 4,
619 1769 648 1830 t.
678 1769 733 1830 νοῦ
756 1765 923 1847 σκαφιδίου
946 1765 990 1831 σα
1011 1765 1183 1848 ἀνεῳγότα.
1202 1768 1274 1840 ee,
1301 1768 1354 1830 29.
1382 1764 1473 1843 οξνεῳ-

287 1865 360 1946 γόσι
382 1876 447 1942 τοῖς
472 1869 614 1948 σώμασιν
636 1875 668 1934 et
687 1871 741 1933 66.
764 1873 784 1933 4
807 1870 842 1945 ήν
864 1895 929 1944 σοις
953 1873 1126 1954 οῦνεῳγνῖαν
1150 1870 1195 1936 ἔτι
1214 1873 1269 1946 τήν
1293 1868 1473 1948 σαλαήεραν

288 1971 543 2053 καταλάβωμεν,
562 1981 596 2040 et
615 1973 665 2038 bis
684 1972 762 2039 illud
785 1975 890 2060 ipsum
910 1977 1045 2058 ἀνέῳγεν
1065 1979 1082 2054 ή
1104 1977 1188 2058 θύρα.
1209 1981 1263 2042 45.
1299 1980 1343 2041 50
1363 1983 1395 2038 et
1418 1975 1472 2038 52.

286 2076 407 2145 Eodem
436 2079 530 2146 modo
559 2098 652 2165 saepe
686 2079 819 2145 meliora
846 2101 909 2146 non
941 2082 1088 2149 nesciens
1109 2085 1257 2168 sequitur
1289 2079 1472 2150 deteriora,

288 2182 451 2270 plerisque
472 2183 623 2251 omnibus
647 2183 759 2250 eadem
783 2185 1004 2272 peccantibus.

331 2289 418 2356 Nihil
446 2289 676 2376 propemodum
703 2310 838 2366 eorum,
869 2310 952 2376 quae
987 2292 1020 2356 in
1051 2293 1241 2358 dunrrmonr
1268 2286 1473 2378 reprehendi·

288 2414 383 2472 mus,
416 2415 479 2460 non
513 2403 562 2460 est
585 2394 670 2469 idem
696 2414 714 2461 a
743 2396 874 2462 Lucrum
895 2397 1124 2471 commissum,
1147 2399 1201 2482 qui
1230 2413 1473 2480 nonnumquam

288 2498 321 2565 in
342 2498 457 2564 iisdem
482 2500 707 2586 incorruptum
732 2521 825 2566 usum
850 2502 1003 2587 antiquae
1025 2501 1154 2585 linguae
1171 2503 1312 2576 relinet,
1339 2496 1474 2566 subinde

236 2610 242 2617 '
289 2602 330 2668 ad
354 2603 503 2666 vitiosam
535 2603 718 2688 aequalium
749 2605 1015 2670 consuetudinem
1041 2605 1193 2673 delleotlt.
1249 2605 1390 2670 Verbum
1414 2627 1475 2682 γα-

295 2713 366 2784 μεῖν
400 2705 495 2771 habet
538 2706 624 2791 apud
660 2715 786 2773 veteres
823 2708 881 2772 has
911 2708 1051 2774 lormas:
1092 2717 1209 2788 γαμῶ,
1250 2715 1367 2788 γαμῶ,
1403 2707 1475 2786 ἔγη·

291 2834 358 2889 μα,
390 2809 568 2891 γεγοὶμηαα
589 2818 623 2875 el
654 2816 843 2890 γαμοῦμαι,
870 2814 971 2890 nudo,
994 2819 1186 2892 γαμοῦμαι,
1211 2813 1400 2894 ε’γημοέμην,
1423 2836 1477 2890 γε’

292 2915 464 2995 γαμημαιι
488 2914 573 3000 apud
603 2917 768 3001 nequiores
790 2925 908 2996 γαμῶ,
939 2920 1076 2997 γαμήσει
1089 2967 1098 2997 ,
1124 2918 1297 2998 ε’γοῦμησα,
1323 2917 1476 2997 γεγάμη-

288 3045 330 3087 αα
351 3029 383 3086 et
405 3026 590 3100 γαμοῦμαι,
613 3022 911 3100 repulsionemque!
932 3026 1121 3104 γαμήσομαι
1133 3072 1143 3102 ,
1161 3025 1348 3103 ἑγαμήήην,
1376 3021 1478 3102 γεγα-

289 3150 408 3205 μημαι.
454 3126 637 3212 Numquam
662 3133 786 3192 veleres
809 3129 945 3206 γαμήσει
978 3137 1035 3194 aul
1056 3127 1208 3208 ε’γοὶμησα
1236 3137 1292 3196 aut
1316 3129 1477 3207 ἐγαμήήην

290 3240 347 3298 aut
369 3233 596 3311 γαμηήήσιμαι
619 3237 677 3297 aut
698 3234 887 3312 γαμήσομαι
910 3232 1075 3300 dixerunt.
1122 3234 1291 3300 Atticislae
1312 3241 1345 3300 et
1367 3233 1476 3300 Lucra·

289 3357 346 3406 nus
369 3336 533 3403 interdum
564 3338 731 3422 antiquos,
764 3338 953 3422 saepissime
980 3337 1130 3423 aequales
1155 3347 1337 3424 sequuntur
1369 3359 1477 3404 erran·

291 3452 350 3511 tes.
399 3442 499 3529 Saepe
520 3445 656 3521 γαμήσει
689 3444 855 3521 ooonrrit,
878 3443 978 3510 semel
1011 3449 1260 3524 parisiosorum
1288 3443 1418 3522 duceni,
1445 3444 1479 3508 lu

296 3547 421 3613 Timone
445 3547 491 3636 (n.
517 3546 686 3635 51)·οῦλλα
710 3555 842 3627 γαμῶ,
865 3549 900 3625 ήν
919 3549 988 3630 διδῷ
1008 3549 1094 3624 θεὸς,
1121 3533 1274 3624 σ’ς’νέοιτα
1295 3551 1349 3614 κα)
1370 3550 1478 3614 nario·

291 3655 478 3732 ποιήσομαι,
491 3652 614 3717 librarii
634 3672 698 3717 non
720 3661 798 3718 sunt
809 3654 965 3737 suspicati
981 3652 1127 3718 luturunr
1146 3673 1215 3718 esse
1237 3660 1270 3718 et
1291 3653 1337 3716 sie
1359 3654 1478 3728 evasit,

291 3765 325 3825 at
348 3755 420 3822 aida
442 3755 522 3842 quid
543 3758 696 3823 continno
713 3763 887 3842 sequatur:
914 3761 982 3823 Οὐκ
1002 3753 1071 3824 οἴδα
1091 3759 1116 3823 εἰ
1137 3759 1336 3836 γαμήσεις
1365 3756 1431 3833 ἔτι,
1455 3756 1476 3824 ὦ

294 3860 401 3937 οῦτοι,
426 3861 619 3936 τηλικαύτην
646 3865 719 3944 παρ’
740 3864 815 3942 ἐμοῦ
843 3864 970 3941 σληγην
996 3861 1171 3942 λαμβάνων
1187 3862 1324 3950 (corrige
1344 3862 1479 3952 λαβών).

291 3968 353 4049 Qui
378 3964 888 4047 moderant-edixeramapen,
908 3968 1039 4054 opinor,
1063 3967 1294 4044 subiunxerat‚
1316 3976 1351 4032 ut
1378 3966 1481 4035 solent

290 4077 316 4140 oi
338 4071 557 4154 εἰρωνευόμενοι
596 4071 692 4138 alieni
727 4093 785 4138 sua
805 4073 907 4159 ipsius
939 4072 1034 4140 verbu
1067 4074 1222 4140 occinere.
1271 4072 1479 4140 Peccauerint

291 4178 414 4247 librarii
431 4179 529 4244 etiam
548 4177 625 4244 aliis
643 4177 723 4243 loeis
744 4178 887 4264 aliquid,
906 4186 1016 4245 tamen
1040 4179 1167 4265 saepius
1189 4179 1223 4242 in
1251 4178 1319 4264 ipso
1346 4180 1480 4264 snripto·

292 4306 328 4352 re
360 4282 455 4370 eulpa
474 4281 628 4349 haerebit.
676 4284 774 4350 Recte
793 4283 913 4368 legitur
934 4283 1043 4363 ἔγημα
1067 4289 1106 4360 8,
1128 4288 1187 4360 16,
1213 4288 1242 4348 1.
1267 4291 1298 4348 et
1320 4293 1422 4363 γῆμον
1444 4284 1479 4348 in

291 4409 388 4458 versu
414 4387 601 4461 hexametro
634 4389 806 4454 Alamanni
829 4390 1013 4474 impostoris
1043 4393 1108 4467 332,
1133 4395 1185 4456 55.
1220 4397 1332 4453 contra
1356 4389 1476 4474 passim

293 4497 430 4576 γαμήσει
462 4492 672 4573 aliodrense
703 4503 879 4580 apparent,
902 4503 939 4560 ul
968 4497 1148 4574 γαμήσειας
1174 4499 1216 4570 8,
1241 4499 1277 4567 5,
1302 4499 1331 4557 4.
1357 4499 1422 4571 51,
1446 4497 1478 4559 6.

296 4603 449 4681 γαμήσας
478 4605 542 4675 50,
573 4605 624 4666 15.
648 4601 805 4678 pensione
827 4606 891 4678 51,
913 4605 945 4666 8.
969 4602 1126 4679 γαμήσειν
1152 4604 1216 4668 51.
1238 4603 1270 4664 9.
1296 4602 1360 4675 67,
1386 4605 1426 4676 7,
1449 4602 1479 4664 d.

292 4708 437 4791 ,γαμήσει
469 4711 533 4778 61,
566 4709 620 4773 ii.
647 4714 677 4772 et
703 4703 778 4771 alibi
803 4689 914 4791 saepe
953 4706 1051 4772 Recte
1083 4712 1190 4770 monet
1213 4705 1333 4770 Portox
1351 4704 1405 4772 111.
1428 4708 1481 4770 tr.
