3767 5717
956 594 1023 657 250

407 789 528 860 Similis
548 800 595 859 cst
612 788 698 881 apud
718 786 842 855 Atticos
852 786 955 853 forma
967 786 1068 853 futuri
1078 782 1233 853 contracti
1246 783 1419 868 γιοριοόην,
1438 787 1582 867 μενοόην,

406 898 596 982 Φροντιοόην,
617 895 711 979 ἐροόην
730 916 831 985 caque
845 906 999 985 perpetua
1018 904 1087 972 cst,
1104 905 1141 959 ul
1160 900 1264 972 μειοῖ,
1285 892 1348 973 ἐροῖ
1360 891 1428 958 sim.
1446 891 1584 961 barbara

406 1004 470 1070 sint
497 1001 571 1068 illis.
612 1000 649 1066 ln
669 1000 903 1067 ΧιιιιοΡΗοιιιιε
927 1000 1096 1065 Oeconom.
1118 997 1189 1063 vll.
1209 1003 1240 1063 5.
1259 1020 1346 1063 ναον
1364 1021 1457 1078 mea,
1475 998 1583 1090 inquit

310 1104 319 1127 ⁸
405 1109 660 1186 lscnouAcRUS,
669 1111 873 1197 priusquam
884 1107 1106 1195 αιόόιιήκρνεέό,
1120 1103 1171 1186 ἐζη
1188 1104 1246 1168 ὑπό
1259 1110 1380 1177 πολλῆς
1396 1104 1582 1183 ἐπιμελείας
1643 1112 1659 1131 ⁶

407 1212 487 1289 όποις
520 1216 558 1285 ὡς
589 1211 733 1293 ἐαόχιςα
751 1214 808 1291 μὲν
831 1210 953 1291 όψοιτο,
982 1211 1125 1291 ἐλάχιςα
1146 1210 1171 1275 δ’
1194 1207 1369 1292 ἀκοόοοιτο,
1393 1208 1536 1289 ἐλόχιςα
1555 1212 1583 1276 δ’

407 1317 517 1400 ἔροιτο,
533 1317 667 1385 emenda
684 1317 761 1398 ε’ροόη
774 1365 783 1387 .
797 1327 833 1383 ul
847 1316 929 1381 benc
949 1316 1102 1404 scriplum
1121 1323 1221 1378 exslal
1236 1312 1269 1377 in
1289 1307 1409 1402 Cyrop.
1424 1312 1483 1381 lll.
1496 1332 1517 1379 1.
1532 1318 1584 1382 14.

406 1422 490 1489 πόνοι
513 1423 660 1501 ἐπεθύμει
683 1423 815 1487 ἀκοῦσαι
831 1420 891 1487 ότι
909 1422 985 1487 ποπέ
1000 1422 1090 1501 ἐροίη.
1131 1418 1299 1487 Allicislnc
1321 1417 1370 1483 his
1389 1419 1501 1485 formis
1515 1420 1585 1487 fere

409 1527 570 1595 abstinent
581 1578 590 1609 ,
608 1550 649 1594 ne
668 1526 836 1593 videantur
856 1525 1114 1608 ὑπεραττικόζειν.
1140 1523 1213 1613 ln§
1233 1527 1287 1589 20.
1305 1523 1373 1604 περὶ
1388 1527 1586 1592 τῶνάόετου-

405 1634 504 1713 μόνον
520 1634 618 1715 ςόχων
635 1636 752 1715 ἠρώτων
771 1634 797 1699 εέ
814 1635 866 1699 ὑπ’
882 1632 997 1697 ἐκείνου
1012 1630 1088 1697 cicli
1101 1629 1373 1711 ἐγγεγραμμένοι.
1386 1630 1526 1698 alienum
1538 1643 1588 1699 csl
1702 1688 1706 1693 .

407 1739 448 1804 ab
469 1738 530 1805 hoc
547 1749 735 1828 argumento
756 1738 888 1805 verbum
905 1734 1102 1818 ἐγγράφειν,
1123 1734 1259 1801 emenda
1277 1730 1337 1800 εἶεν
1358 1737 1588 1817 γεγραμμένοι.

406 1854 475 1909 lum
503 1866 616 1909 revoca
647 1845 757 1915 ἱκανῶς
787 1842 973 1922 ἀπεκέκριτο
993 1862 1052 1929 pro
1070 1840 1270 1921 ἀπεκρίνατο.
1293 1837 1409 1904 deinde
1426 1862 1485 1929 pro
1504 1841 1585 1922 ἑόρα

409 1949 472 2030 γάρ
498 1947 556 2018 cicc
576 1949 642 2015 οὐδὲ
665 1946 869 2013 πονόάνετόαι
896 1944 1043 2023 ἐδεόμην,
1068 1944 1202 2009 emenda
1221 1944 1315 2024 ἐάροον
1338 1956 1371 2009 et
1390 1946 1483 2010 οὐδέν.
1522 1944 1587 2030 Qui

408 2053 572 2143 vulgatam
592 2056 675 2123 ferre
694 2064 871 2145 potuerunt
891 2049 1109 2118 confuderunt
1130 2051 1208 2131 ἐόρα
1230 2061 1262 2115 ct
1278 2049 1415 2129 ἐβλεπε,
1431 2062 1499 2117 lum
1515 2052 1590 2144 lcgc

409 2160 538 2241 προσιὼν
570 2162 632 2243 γάρ
660 2160 699 2227 ἀν
728 2158 962 2239 ἐπυνθανόμην,
985 2158 1215 2247 percontabar
1241 2156 1440 2236 identidem,
1471 2169 1505 2223 cl
1528 2182 1587 2249 pro

407 2264 506 2332 πόλιν
534 2264 723 2347 ἀπεκρίνατο
754 2263 876 2353 corrige
909 2266 974 2327 πάν
1008 2260 1203 2340 ἀπεκρίνετο.
1250 2260 1290 2324 ln
1316 2259 1419 2328 codd.
1439 2272 1532 2329 ΠΑΝ
1554 2283 1588 2337 ct

409 2358 526 2439 ΠΛΛῖ
537 2369 689 2435 facillime
704 2369 954 2460 permiscentur,
971 2366 1033 2432 vid.
1051 2363 1196 2437 Ροιιεονί
1211 2364 1353 2431 Αάοονο.
1369 2390 1400 2455 p.
1412 2369 1464 2433 73.
1475 2390 1587 2435 revoca

319 2528 323 2536 .
411 2476 552 2567 denique
581 2475 692 2557 γραφη
719 2474 981 2554 ἀπονηνεγμένη,
1007 2496 1080 2539 nam
1102 2470 1148 2537 sic
1168 2471 1348 2561 loquuntur
1369 2471 1502 2555 Graeci,
1524 2499 1590 2543 ιιοιι

408 2578 654 2659 ἐπενηνεγμένη,
675 2578 761 2668 quod
781 2578 813 2643 in
834 2577 902 2645 eius
918 2578 1026 2643 locum
1041 2578 1245 2654 invexerunt,
1262 2598 1327 2641 non
1346 2578 1589 2664 εὀενηνεγμένη,

410 2686 497 2778 quod
516 2688 694 2753 chcus
715 2684 856 2750 coniicit.
898 2684 1139 2751 Βιιιοετιιιιιιιιε
1161 2708 1192 2774 p.
1215 2686 1312 2749 1332.
1330 2684 1484 2766 ἀποφέρει
1509 2710 1589 2768 γρα-

410 2794 475 2876 φην
502 2794 574 2858 κατ’
605 2792 701 2856 αὐτοῦ
731 2788 894 2860 κκκάσεοις
926 2790 999 2870 πρὸς
1023 2790 1076 2855 τόν
1100 2788 1262 2870 ἀρχοντα,
1286 2800 1318 2855 el
1338 2790 1464 2879 passim.
1511 2791 1590 2859 Sac-

369 2890 373 2907 '
409 2900 483 2991 pius
507 2899 541 2965 in
571 2896 620 2963 his
649 2895 740 2962 libris
767 2894 889 2963 videbis
921 2896 1056 2986 optimas
1083 2896 1238 2963 lectiones
1264 2907 1384 2963 temere
1409 2898 1594 2989 repudiatas

409 3028 498 3084 esse,
531 3001 682 3094 pessimas
712 3024 730 3066 c
757 3000 922 3067 codicibus
949 3001 1041 3069 novis
1062 3000 1200 3067 calidius
1222 3013 1255 3066 et
1275 3003 1459 3069 inconsulto
1477 3027 1592 3095 recep-

413 3125 480 3177 tas:
503 3106 638 3199 pessima
659 3106 803 3171 omnium
823 3117 869 3171 est
891 3107 1000 3180 ε’πινῶς
1022 3107 1214 3175 vocabulum
1235 3107 1329 3174 nihili
1347 3132 1405 3199 pro
1420 3112 1594 3189 ἐπιμανῶς.

415 3215 454 3283 ln
474 3218 493 3301 §
514 3220 566 3283 38.
585 3215 643 3279 ἀπ’
670 3212 872 3294 ἰσχυροτέρων
895 3218 967 3277 νεῶν
986 3215 1179 3294 μαχόμεναι
1201 3232 1238 3281 ex
1259 3238 1324 3306 quo
1342 3216 1416 3281 loco
1432 3229 1464 3282 ct
1481 3218 1596 3313 mullis

418 3322 487 3389 aliis
511 3319 583 3408 (ubi
607 3318 725 3408 legitur
748 3317 913 3399 μάχεσόαι
934 3319 999 3384 ἀπὸ
1023 3324 1077 3384 τοῦ
1100 3320 1246 3401 τείχους,
1270 3323 1407 3387 ἀπὸτοῦ
1428 3324 1595 3404 κατατρώ-

418 3452 519 3508 ματοο
539 3437 571 3493 ct
590 3426 673 3512 sim.)
693 3424 826 3491 emenda
841 3422 1101 3491 Διιιετννιιιιιιιι
1116 3424 1150 3491 iu
1163 3425 1313 3513 Lyct'ctr.
1324 3424 1470 3498 679.τάς
1486 3429 1594 3504 Ἀμα-

418 3533 507 3617 ζόνας
522 3532 630 3599 σκόπει
653 3529 719 3619 ΙΙάς
740 3529 848 3596 Μίκων
868 3528 986 3610 ἔγραψ’
1005 3532 1059 3612 ἐφ’
1077 3530 1180 3597 ἵππον
1200 3533 1391 3614 μαχομένας
1403 3540 1467 3603 τοῖς
1483 3529 1596 3613 ἀνδρό-

420 3662 466 3703 τιν
495 3660 603 3705 verum
629 3649 677 3703 esl
697 3638 758 3719 ἀφ’
781 3633 895 3701 ἵππιον.
916 3646 949 3701 ct
968 3635 1000 3699 in
1022 3636 1180 3703 Anabasa·
1196 3638 1256 3704 Ill.
1276 3657 1313 3705 11.
1337 3641 1388 3705 19.
1405 3640 1432 3703 ol
1453 3638 1596 3719 μὲνγὰρ

420 3742 481 3824 ἀφ’
503 3742 604 3809 ἵππιοι
629 3740 800 3823 κρέμανται
824 3762 882 3827 plo
903 3740 956 3821 ἐφ’
981 3739 1094 3808 ἵππιον.
1130 3743 1248 3809 Praeiit
1267 3730 1415 3810 oninibus
1435 3744 1600 3811 Romus

328 3934 332 3943 ¹
425 3845 544 3935 θόρεν.
569 3846 594 3915 l.
624 3851 676 3915 50.
702 3842 883 3923 ἐπιςάμενοι
919 3846 977 3923 μὲν
1002 3847 1063 3929 ἀφ’
1091 3846 1194 3916 ἵππον
1223 3850 1369 3930 Ἀνδράοι
1394 3847 1594 3930 μάρνασόαι,

424 3976 519 4043 quem
541 3965 719 4044 sequuntur
738 3972 855 4017 omnes.
903 3950 940 4017 ln
961 3954 979 4037 §
1002 3955 1054 4019 43.
1076 3953 1266 4028 καταόέντες
1285 3952 1473 4044 pervulgato
1492 3975 1600 4021 erroro

416 4080 481 4148 ¹pro
509 4059 666 4132 καόένπες.
704 4056 743 4122 In
764 4061 782 4145 §
804 4056 857 4121 46.
873 4057 935 4134 ἐγὼ
955 4057 986 4123 δὲ
1009 4058 1119 4138 μικρὸν
1143 4057 1282 4139 ἀποςάς,
1300 4080 1368 4125 non
1388 4056 1452 4124 hoc
1473 4058 1599 4149 scripsit

422 4164 478 4231 sed
500 4166 637 4239 ἀποςάς.
1378 4167 1381 4171 ’

472 4269 509 4335 In
536 4266 770 4358 Tyrannicida
797 4268 859 4344 28,
884 4270 913 4331 3.
934 4264 1075 4346 τέρεσόαι
1097 4265 1168 4356 lege
1189 4266 1347 4349 ςερέοόαιε
1373 4268 1419 4337 cic
1435 4293 1601 4341 nonnum-

427 4398 523 4468 quam
543 4374 721 4455 τεμόμενος
743 4370 896 4449 occurrit,
919 4370 978 4435 ubi
999 4371 1117 4437 aorislo
1137 4394 1216 4463 opus
1236 4385 1284 4439 εει
1303 4375 1473 4457 ςερόμενος.
1518 4376 1602 4445 Vide

429 4487 486 4561 10,
510 4486 551 4559 2,
575 4481 606 4543 1.
637 4480 694 4556 12,
717 4481 737 4564 §
762 4481 777 4539 l
801 4486 833 4540 el
856 4478 896 4543 18
917 4488 950 4541 et
970 4475 1058 4544 alibi.
1104 4476 1142 4543 In
1164 4480 1345 4547 Hellem'cis
1364 4480 1407 4548 ll.
1428 4502 1462 4550 11.
1484 4485 1514 4547 9.
1535 4480 1599 4549 όσοι

427 4596 483 4663 τῆς
505 4585 605 4652 αὑτῶν
627 4582 762 4662 ἐςέροντο
784 4581 939 4647 sententia
961 4582 1025 4647 loci
1042 4582 1184 4672 postulat
1202 4583 1361 4666 ἐςέρηνπο,
1382 4610 1448 4655 non
1459 4591 1606 4679 privati
1628 4662 1632 4669 ,

428 4700 508 4759 sun!
531 4686 586 4757 scd
605 4687 799 4774 mrebcnt§
822 4690 874 4754 10.
894 4685 1004 4781 πάντα
1025 4689 1142 4768 εἰρήνης
1163 4688 1250 4767 μεν-ἀ
1267 4689 1322 4757 καὶ
1343 4693 1461 4767 πιόντες
1477 4695 1504 4760 ἀ
1517 4691 1603 4774 νόμον
