3767 5717
871 662 910 723 91

292 839 393 926 cipiat
415 836 505 914 aliis,
524 833 586 902 aiia
611 831 809 920 iaciatipm,
829 831 1065 900 emendandum
1088 834 1151 902 erit
1177 839 1301 920 σοιντῷ
1321 837 1386 923 γάρ
1408 848 1441 908 et
1463 833 1485 924 ᾧ

291 948 341 1012 δεῖ
355 943 570 1026 προσέχειν.
596 938 746 1006 Lucro-rus
768 937 881 1025 utique
902 959 964 1004 non
988 959 1025 1005 eo
1048 939 1177 1030 ingenio
1198 951 1267 1008 erat
1294 952 1331 1011 ut
1354 944 1483 1012 dicandi

292 1057 397 1122 genus
424 1054 604 1114 sectaretur
621 1063 740 1109 novum
765 1049 795 1108 et
823 1042 907 1129 quod
931 1043 1068 1131 probum
1079 1043 1171 1111 'essct
1193 1067 1230 1112 ac
1251 1069 1366 1116 sanum
1398 1050 1487 1118 dese·

298 1161 402 1229 reret,
426 1154 502 1240 quia
534 1150 653 1218 caeteri
669 1167 780 1214 omnes
803 1157 1029 1236 sequerentur.
1080 1149 1158 1231 Quis·
1180 1158 1349 1232 nostrum,
1370 1155 1485 1241 quioc-

292 1268 406 1325 cnrate
441 1259 555 1324 Graece
583 1254 778 1333 didicimus,
814 1255 996 1342 scripsisset
1020 1254 1291 1342 quemadmodum
1329 1261 1486 1348 scriptum

292 1371 344 1430 esi
362 1369 419 1441 70,
445 1347 499 1428 55ss
524 1363 596 1443 πρδς
621 1361 685 1441 γὰρ
711 1359 756 1442 τῷ
778 1361 949 1442 χρησοὺς
977 1361 1029 1426 κον)
1053 1363 1346 1445 Φιλκνθρθπονς
1366 1367 1489 1432 οὶκοθειν

294 1468 347 1534 κοιὶ
379 1474 433 1534 τοῦ
465 1467 640 1549 convenam
668 1467 721 1531 ὑπ’
749 1468 851 1532 αὐτῶν
874 1462 930 1541 ἔξω
962 1466 1153 1544 paudussia?
1189 1467 1347 1554 Equidem
1377 1473 1486 1553 χρηςοὶ

292 1573 345 1637 κοοι
363 1571 571 1655 φιλάνθρωποι
594 1571 713 1658 etipse
735 1571 936 1658 scripsissem
961 1578 993 1636 et
1015 1573 1172 1637 Lucuuuu
1191 1571 1316 1639 dedisse
1337 1593 1399 1640 non
1418 1595 1489 1642 sus·

291 1677 382 1763 picor
400 1675 455 1742 sed
474 1685 562 1743 certo
584 1676 660 1743 scio.
707 1676 807 1742 biulto
827 1677 932 1742 serius
954 1675 1021 1740 nati
1041 1684 1118 1741 sunt
1138 1675 1193 1760 qui
1215 1675 1275 1743 hoc
1298 1678 1484 1745 nesciebant

294 1789 326 1846 ct
345 1781 499 1847 Romanos
521 1781 750 1848 imitabantur:
774 1780 872 1848 iidem
905 1787 1079 1866 coeperunt
1099 1781 1266 1868 antiquam
1284 1783 1489 1850 consuctudi-

293 1905 366 1952 nem
384 1885 535 1973 loquendi
556 1885 777 1973 interpolando
795 1886 989 1962 obscurare,
1014 1883 1117 1951 sicubi
1142 1888 1359 1954 nominativus
1383 1895 1416 1955 et
1435 1908 1489 1956 ao·

252 2066 256 2072 .
292 1993 458 2058 cusativus
476 1999 717 2058 concurrerent.
767 1993 823 2058 His
844 1991 986 2058 debetur
1006 1990 1090 2077 apud
1109 1991 1294 2058 Hunouoruu
1307 1993 1390 2061 male
1409 2013 1489 2062 sana

289 2096 386 2164 lectio
420 2101 515 2163 utu
540 2098 554 2162 θ
578 2106 700 2180 Κροῖσος
722 2097 797 2176 ἥσθη
827 2095 961 2178 ἐλπίζων
985 2097 1107 2175 ἡμίονον
1135 2096 1259 2176 octauo
1282 2099 1353 2164 ἄντ’
1379 2101 1485 2183 ἀνδρὸς

291 2203 493 2283 βασιλεύσειν
507 2203 633 2280 Μήδων.
651 2204 712 2269 οὐδ’
734 2200 773 2268 ὦν
792 2203 886 2275 ωὐτὸς
907 2202 974 2267 οὐδὲ
997 2204 1029 2268 oi
1051 2201 1086 2279 ἕξ
1105 2204 1200 2268 edroi
1218 2204 1395 2271 ποιθσεσθοιθ
1413 2229 1484 2272 κοτε

290 2319 347 2385 της
373 2310 497 2391 ἀρχῆς,
520 2309 739 2374 necessarium
763 2315 811 2374 est
835 2308 901 2375 οὐδὲ
927 2309 1014 2383 τοὺς
1038 2307 1073 2385 ἕξ
1100 2311 1207 2374 κὺτοῦ.
1255 2306 1347 2395 Apud
1366 2309 1484 2376 Dauos-

291 2434 410 2479 rnnunu
434 2415 507 2495 πρὸς
535 2412 707 2495 Λεωχάρην
731 2433 761 2500 p.
788 2417 891 2487 1080,
917 2411 1016 2488 οοῖτιθς
1040 2416 1085 2484 ε’ςι
1112 2413 1285 2495 Λεωχάρης
1303 2415 1403 2480 οὑτοσὶ
1427 2421 1482 2481 τοῦ

291 2520 344 2584 καὶ
368 2522 484 2585 αὐτὸν
514 2520 664 2601 κρθνεσθοιι
687 2517 739 2584 κον)
758 2518 815 2596 ἐμὲ
844 2519 983 2600 νεώτερον
1003 2517 1078 2583 θντοο
1106 2517 1213 2596 λέγειν
1242 2519 1274 2584 ἐν
1301 2520 1393 2598 ὑμῖν,
1417 2537 1481 2586 non

291 2629 341 2687 est
363 2622 613 2708 exspectandum
634 2641 652 2686 a
671 2619 763 2685 libris
787 2620 983 2706 praesidium
1004 2621 1133 2688 lectioni
1157 2621 1273 2700 οούτθς,
1292 2641 1375 2708 quac
1399 2625 1479 2690 ‘satis

291 2724 387 2792 babet
408 2727 441 2790 in
465 2746 499 2792 se
523 2727 590 2810 ipsa
614 2723 776 2809 praesidii.

338 2829 547 2896 Coniunctivo
569 2849 649 2916 opus
668 2835 716 2894 est
740 2847 797 2914 pro
812 2826 986 2895 indicativo
1010 2830 1042 2894 iu
1064 2829 1115 2898 his
1137 2835 1201 2908 id,
1226 2835 1278 2897 ab.
1302 2833 1336 2900 τΙ
1357 2841 1477 2902 ποιοῦ-

291 2958 378 3015 μεν;
402 2935 671 3022 νωεριοιιθειῑωι-
693 2933 898 3016 ε’πιρρθψωμεν
921 2937 988 3001 κτέ.
1013 2935 1093 3000 nibil
1117 2937 1238 3002 certius
1256 2944 1304 3003 est
1326 2959 1424 3024 quam
1446 2941 1484 3008 ri

291 3049 423 3121 ποιῶμεν
452 3040 582 3127 requiri.
630 3038 750 3106 Eodem
768 3037 909 3105 remedio
931 3038 1087 3106 utendum
1110 3045 1164 3116 44,
1190 3044 1243 3106 db.
1269 3046 1358 3124 ἡμεῖς
1379 3048 1411 3114 δὲ
1443 3049 1477 3116 τί

292 3154 436 3226 πονοῦμεν
457 3146 508 3212 ἐπὶ
528 3146 665 3222 codrum

333 3253 432 3318 Multo
453 3249 575 3317 foedius
597 3251 694 3317 etiam
720 3248 806 3315 idem
830 3248 946 3316 vitium
974 3250 1156 3337 neglectum
1180 3260 1228 3319 est
1250 3255 1283 3320 in
1305 3259 1369 3335 47,
1388 3263 1419 3325 4.
1444 3261 1477 3328 rt

288 3356 338 3426 οὖν
351 3355 396 3434 ,ὦ
416 3363 515 3439 Ἑρμῆ
528 3407 536 3433 ,
549 3357 649 3431 δοκεῖς
671 3354 908 3437 προτίθεμεν
921 3358 1028 3431 adroic
1044 3359 1162 3440 οὶμορθεν
1186 3360 1273 3426 δικῶν
1292 3366 1310 3440 ἢ
1335 3363 1431 3438 θέλεις
1444 3367 1476 3440 ἐς

290 3465 387 3532 νέωσον
408 3467 767 3545 ποιροιγγελοῦμεν,
790 3459 1168 3550 iocdumest,inquam,
1189 3464 1331 3532 nondum
1351 3491 1476 3551 πτερορρ-
1521 3485 1523 3490 ’

288 3571 445 3651 νείλωμεν
476 3588 545 3634 esse
564 3566 786 3634 emendatum:
808 3575 974 3652 praeterea
993 3570 1147 3651 προθῶμεν
1169 3571 1362 3656 rescriptum
1386 3592 1477 3660 opor·

289 3678 363 3742 tuit.
393 3675 498 3741 Etiam
512 3674 544 3737 in
559 3672 852 3758 praestantissimos
864 3670 1036 3736 Atticorum
1049 3672 1233 3740 huiusmodi
1247 3676 1362 3743 menda
1372 3697 1477 3765 aequo

290 3783 398 3847 animo
422 3778 592 3852 ieruutur,
612 3785 648 3840 ut
671 3776 704 3840 in
729 3777 876 3840 Pnnrours
899 3775 1072 3862 Protopore
1092 3799 1164 3865 pag.
1189 3783 1254 3846 520
1277 3801 1324 3847 o.:
1349 3781 1475 3866 πθτερον

289 3889 419 3965 ὑμῖν-
437 3883 530 3961 μῦθον
542 3881 644 3959 λέγων
660 3878 800 3956 ἐπιδείξω
813 3881 830 3957 ἢ
844 3879 928 3963 λθνρι
952 3881 985 3946 δι
994 3880 1035 3958 εξ
1043 3898 1085 3949 ελ
1095 3885 1182 3960 θθνς
1196 3885 1414 3971 reponendum
1427 3899 1477 3957 est

289 3988 450 4067 διεξέλθως
473 3994 505 4052 et
528 3986 615 4053 brevi
639 3994 710 4073 posi
732 4007 762 4073 p.
777 3988 841 4050 522
862 4005 911 4050 c:
936 3986 1007 4052 τίνοι
1028 3986 1077 4054 οὖν
1099 3989 1209 4072 τρόπον
1231 3991 1293 4067 δοίη
1317 3993 1402 4069 δίκην
1422 3995 1476 4064 uei

288 4096 361 4164 οιῖδῶ
384 4093 570 4174 ἀνθρώποις,
593 4093 648 4177 qni
673 4098 776 4157 totum
806 4089 912 4156 iocum
935 4090 1108 4178 diiigenter
1128 4097 1332 4184 perpenderit
1356 4101 1475 4169 sentiet

288 4204 326 4269 δῶ
350 4219 419 4267 esse
442 4196 679 4282 corrigendum.
744 4196 932 4262 Correxerat
961 4197 1046 4264 idem
1078 4201 1194 4268 vitium
1224 4207 1289 4281 47,
1327 4211 1379 4272 14.
1403 4206 1476 4274 Dru·

287 4325 433 4381 marrus,
453 4310 486 4367 at
511 4302 670 4367 Bnuucnus
699 4301 835 4366 retinuit
865 4292 973 4381 βοθλει
1002 4304 1054 4369 eei
1086 4306 1207 4381 τούτοις
1237 4311 1473 4394 οὶτοκληροῦμεν

287 4433 343 4500 pro
376 4413 609 4491 ἀποκληρῶμεν.
669 4405 793 4491 Duplici
824 4405 917 4472 modo
948 4406 1165 4494 depravarunt
1197 4412 1344 4480 Editoras
1372 4415 1470 4484 verba

287 4517 410 4582 bucrnru
433 4519 495 4589 15,
520 4517 580 4590 bb,
600 4510 655 4578 ubi
673 4508 762 4576 dedii
781 4510 980 4591 Incoorrzrus,
1000 4515 1198 4596 προελόμενοί
1219 4542 1289 4583 τινοι
1309 4516 1343 4596 ἐξ
1367 4519 1469 4587 οὶποθν-

286 4647 345 4688 των
378 4618 441 4696 θ’ςιρ
476 4619 570 4703 θριςοο
593 4624 805 4698 κοισηγοριῖσωι
829 4616 868 4683 θον
900 4618 995 4703 δοκῇ,
1022 4619 1077 4687 ubi
1102 4621 1178 4687 alibi
1199 4620 1273 4687 libri
1295 4629 1467 4708 κωσηγορή·

287 4752 348 4793 σειν
377 4728 447 4812 δοκῇ
472 4735 527 4792 aui
552 4725 774 4805 κατηγορήσειν
798 4722 895 4802 δοκεῖ,
928 4724 1111 4793 bruoouuus
1140 4727 1329 4796 Inuourrztun
1362 4733 1470 4820 scqui-

1203 4841 1217 4878 7
1235 4838 1245 4868 θ
