3767 5717
826 633 889 696 tlt

138 830 153 876 λ·
258 811 387 880 dictum
417 817 468 878 est
494 827 533 875 ae
563 805 689 891 siquis
722 801 818 872 vellet
844 803 954 882 dicere
975 803 1069 890 Φίλος
1102 804 1137 885 ἦν
1159 805 1361 890 Ἀλέξανδρος
1391 799 1445 877 sal

138 923 149 982 l
260 918 437 1002 Ἡφαιιτίυν
459 921 519 982 aut·
534 909 663 979 similia.
690 908 857 976 Scribendi
870 908 1096 1005 compendium
1120 911 1207 980 hunc
1229 932 1372 980 errorem
1393 933 1446 1002 pe-

136 1056 153 1090 .·.
261 1030 347 1114 perit
371 1027 457 1095 unde
478 1023 575 1093 simul
591 1023 757 1096 Graecitas
779 1022 1001 1107 corrumpitur
1021 1027 1053 1088 et
1074 1025 1233 1090 sententia
1257 1024 1328 1092 loci.
1364 1005 1445 1106 Aro'y'

136 1132 150 1198 u
263 1153 323 1221 pro
339 1153 376 1201 ne
398 1140 474 1200 nata
493 1140 551 1198 aut
571 1137 681 1198 rectus
704 1147 798 1196 casus
817 1133 944 1194 estant
969 1123 1127 1212 obliquus.
1175 1127 1287 1196 Scribe
1304 1129 1358 1196 nal
1376 1139 1447 1196 Aac⁶

136 1261 150 1301 ν
262 1239 366 1318 γένευ
397 1247 430 1306 et
455 1237 576 1324 optime
598 1233 748 1320 procedet
776 1233 890 1300 oratio.
938 1230 1096 1300 Similiter
1128 1236 1187 1311 16,
1217 1237 1270 1298 27.
1306 1235 1325 1310 ἡ
1358 1234 1445 1310 anlon

141 1353 148 1410 1
263 1343 317 1411 roi
329 1345 344 1410 d
356 1345 472 1425 λύχνος
492 1340 628 1423 συρέτω.
648 1336 683 1407 οὗ
700 1362 741 1419 γε
763 1337 910 1413 ἐποίησαν
933 1335 1180 1412 ὑπακούσαντες.
1205 1336 1315 1404 addita
1334 1336 1450 1405 lineola

136 1477 143 1517 ς
264 1448 300 1514 in
322 1446 443 1514 unciali
466 1446 628 1533 scriptura
642 1443 783 1526 σαρὶςυν
803 1439 1016 1528 significabat.
1059 1441 1118 1508 list
1138 1441 1246 1530 aliqua
1268 1448 1378 1509 tamen
1394 1441 1453 1509 dn·

138 1569 142 1579 ·
265 1549 382 1618 bitatio
408 1557 520 1618 utrum
548 1548 687 1629 Διογένει
720 1568 762 1616 an
787 1546 952 1627 Διογένους
981 1544 1174 1625 silverius,
1197 1547 1275 1634 quia
1298 1547 1453 1616 Lucienus

263 1654 339 1723 alibi
360 1654 508 1736 ὁμότιμον
537 1661 596 1722 τῶν
619 1653 726 1722 ἄλλων
752 1652 872 1722 dixisse
901 1659 934 1720 et
957 1648 1034 1718 alibi
1068 1647 1215 1732 ν’μδτιμον
1238 1656 1355 1720 σαυτοῦ
1380 1671 1453 1719 con·

134 1790 140 1839 t
264 1768 317 1828 tra
341 1758 607 1828 consuetudinem
630 1767 777 1828 veterum
801 1758 880 1826 satis
902 1762 1051 1823 constare
1075 1754 1213 1824 videtur.

309 1865 406 1934 uliud
428 1873 479 1932 est
499 1865 533 1932 in
555 1864 686 1933 luciano
708 1861 820 1934 mendi
842 1881 944 1948 genus
963 1865 1025 1938 34,
1049 1859 1454 1943 17.ζιςτι1ὃτ11εντοσαῦ·

263 1995 307 2040 τυ
340 1970 428 2038 met
456 1968 607 2047 συνελέξω
637 1971 691 2037 καὶ
723 1965 798 2035 ὅσον
826 1967 1043 2040 maracleae
1076 1963 1164 2048 εἶχες
1192 1973 1336 2035 τοσοῦτον
1358 1969 1453 2049 ἑσμδν

135 2122 137 2141 .
262 2076 388 2145 &droa
416 2076 467 2142 καὶ
490 2074 663 2158 διατρέφειν
685 2071 854 2154 δνυμιὶτιιν.
876 2070 1105 2138 diciturenim
1127 2072 1253 2147 αἰνέσας
1275 2070 1362 2154 ἔχω,
1381 2074 1453 2142 deu·

263 2180 374 2264 μοέσιις
404 2180 469 2262 ἔχοι
505 2179 640 2270 (lucion
677 2181 740 2255 52,
772 2175 829 2265 ur)
865 2174 986 2242 similia
1017 2174 1141 2270 multu,
1176 2175 1216 2244 de
1237 2175 1357 2263 quibus
1380 2176 1456 2246 vide

262 2288 427 2375 egregiam
458 2285 682 2352 Vamrrnaruu
716 2280 957 2350 annotationem
995 2277 1036 2346 ad
1067 2279 1256 2348 Phoenissae
1285 2301 1332 2350 vr.
1371 2287 1453 2362 712,

262 2401 296 2461 at
316 2411 380 2460 nou
403 2387 666 2463 diciturenim
687 2384 774 2470 εἶχον
796 2387 848 2454 uel
865 2383 934 2464 ἕξοι.
981 2382 1120 2452 lledcrat
1136 2394 1250 2454 auctor
1268 2387 1454 2456 Lemannum

263 2496 479 2568 κατακλείσας
508 2492 605 2574 ἔχεις.
632 2491 698 2559 noli
732 2501 842 2558 autem
873 2492 907 2558 in
930 2509 1073 2558 errorem
1098 2489 1208 2558 induci
1239 2490 1318 2559 locis
1340 2491 1453 2560 huius·

265 2598 374 2677 modi,
397 2597 501 2684 qualis
521 2603 571 2663 cst
589 2595 675 2682 apud
698 2596 923 2662 xeoosnomm
934 2594 970 2660 in
990 2593 1128 2660 Anodosi
1152 2594 1205 2662 lv.
1227 2615 1289 2673 vu,
1311 2600 1341 2662 1.
1364 2594 1451 2678 εἶχον

262 2701 540 2781 διακεκομισμένοι
565 2699 614 2768 uel
636 2699 792 2768 Huaouonu
819 2698 846 2766 1.
881 2701 935 2763 28.
965 2693 1036 2780 εἶχε
1063 2697 1363 2780 κατονρεψοὶμενος,
1394 2694 1453 2788 qui

267 2830 332 2878 nou
354 2807 460 2894 magis
472 2805 537 2874 hue
565 2803 690 2872 iaciunt
712 2823 810 2891 quam
834 2803 960 2870 Lucnru
985 2807 1045 2878 14,
1070 2806 1122 2870 16.
1140 2802 1205 2886 ἔχοι
1229 2805 1374 2875 τοσούτου
1395 2822 1454 2874 λοι-

264 2917 330 2997 ββν
348 2910 447 3001 uel§
476 2915 528 2976 11.
552 2908 610 2992 ἔχε
634 2910 760 2989 λαβών,
783 2908 817 2974 in
852 2905 970 2993 quibus
999 2903 1147 2976 »nobum
1175 2908 1239 2992 ἔχιν
1267 2911 1332 2977 cim
1351 2933 1454 3000 „suom

264 3020 403 3087 nativam
426 3015 572 3082 σοιυοσο”
596 3014 777 3082 rectissime
796 3010 920 3078 iudicat
940 3010 1201 3082 Vononensrnius.

309 3121 445 3210 Saepius
464 3120 498 3188 iu
523 3118 656 3188 Lucumo
685 3117 827 3186 recurrit
850 3117 955 3184 otiosa
977 3124 1010 3186 et
1041 3118 1167 3186 inutilis
1203 3120 1397 3207 praepositio
1419 3123 1454 3190 in

262 3230 363 3307 lucie,
386 3225 491 3313 qualis
514 3232 563 3292 est
580 3228 640 3302 tt,
664 3229 717 3291 11.
739 3224 766 3291 οἱ
785 3221 818 3290 δὲ
846 3223 900 3290 καὶ
919 3221 1096 3305 Φθέγξοιιτο
1117 3221 1208 3305 μόνον
1231 3226 1399 3307 οἰχήσεταί
1414 3252 1453 3295 σε

262 3335 328 3404 atet
355 3338 416 3400 τῶν
437 3331 519 3397 ὤτοιν
539 3326 773 3408 ἀναδησάμενος
795 3335 829 3394 cl
850 3331 915 3404 tto,
938 3331 969 3393 3.
994 3327 1151 3408 οτοὶμντολύ
1174 3353 1205 3394 τι
1228 3332 1344 3407 πλῆθος
1366 3328 1451 3399 ἕλκοι

264 3445 301 3508 ιιι
332 3443 393 3506 τῶν
416 3436 498 3502 ὅταν
529 3433 725 3515 δεδεμένους,
754 3432 1023 3519 praepositionem
1045 3453 1064 3500 a
1088 3433 1171 3502 mala
1191 3453 1291 3502 manu
1313 3453 1383 3502 esse
1405 3439 1452 3503 in·

266 3545 389 3612 dicium
418 3539 497 3609 lacit
519 3539 609 3606 loeus
636 3538 764 3604 vicinus
787 3540 831 3614 9,
851 3541 882 3603 5.
915 3535 974 3607 ates
997 3539 1023 3604 ei
1052 3545 1111 3606 τῶν
1133 3539 1215 3606 ὤτων
1239 3539 1451 3619 ἐκδεδεμένους

264 3650 336 3724 τοὺς
359 3646 529 3728 ἀνθρώπους
560 3641 668 3721 ἕλκει,
698 3641 755 3708 uhi
788 3640 965 3721 δεδομένους
994 3642 1172 3727 genuinum
1205 3653 1273 3722 est,
1307 3645 1343 3710 ἐκ
1371 3645 1458 3712 male

264 3751 363 3820 verbo
383 3748 531 3816 adhaesit
553 3746 754 3833 adscriptum
783 3746 818 3810 in
842 3747 1011 3830 margine,
1035 3753 1072 3814 ut
1095 3749 1205 3834 pueris
1231 3749 1366 3835 genitivi
1394 3754 1456 3817 τῶν

264 3859 347 3925 ὤτοιν
365 3854 449 3922 ratio
472 3852 698 3940 explicaretur.
745 3848 836 3918 ldem
860 3849 976 3920 vitium
1002 3849 1077 3918 tolle
1101 3855 1159 3930 ee,
1184 3857 1214 3917 1.
1244 3851 1397 3936 ἀράμενος
1418 3857 1471 3922 ἐν·

263 3969 330 4030 τοῖν
360 3965 497 4037 σκελοῖν,
518 3956 574 4023 ulti
600 3959 635 4024 ἐκ
667 3955 816 4042 spurium
843 3962 902 4022 est.
958 3955 994 4022 ln
1024 3955 1243 4042 dnusnornuurs
1276 3958 1457 4047 epaeneto

266 4086 314 4134 vs.
348 4068 433 4132 1111
458 4063 631 4130 altmanno
647 4053 814 4149 receptum
833 4050 996 4148 oportuit:

449 4165 485 4237 οὖ
508 4168 535 4233 δ’
558 4166 598 4234 δν
620 4168 719 4235 διδῶσι
743 4164 886 4249 πρόσαγε
907 4167 1048 4234 τούτου
1070 4167 1232 4248 λαβομένη
1365 4208 1367 4212 -

267 4297 326 4366 pro
346 4275 473 4349 τούτους
493 4271 579 4359 quod
601 4272 698 4342 multi
719 4278 947 4350 correxerunt,
976 4272 1102 4359 primus
1125 4275 1270 4342 omnium
1293 4274 1454 4342 umissos

267 4381 397 4448 Adsere.
419 4379 460 4445 11.
483 4381 613 4465 [1219.
1258 4449 1260 4456 Ι

313 4487 543 4555 Anteromeuee
569 4501 646 4550 cum
669 4481 802 4550 Locuno
826 4483 1024 4571 compositus
1047 4490 1170 4550 certam
1193 4479 1388 4552 medicinam
1410 4482 1456 4552 ar-

260 4590 351 4660 ·feret
371 4590 442 4658 loeo
465 4590 584 4658 misere
606 4593 760 4674 corrupto
778 4591 838 4662 59,
863 4593 895 4656 t.
926 4590 960 4655 σύ
981 4587 1148 4672 χαλεπὸν,
1172 4589 1199 4656 εἰ
1221 4590 1258 4658 τὸ
1280 4589 1344 4656 ἀπὸ
1366 4589 1455 4657 τοῦδε

267 4691 461 4782 ’τυριιδὸντις
480 4695 542 4769 τὰς
564 4691 716 4768 εἰκόνος
744 4693 787 4774 τῶ
810 4691 897 4783 λργφ
930 4691 1156 4776 ἐπιτρέψαιμεν
1175 4695 1262 4778 αὐτῷ
1285 4696 1350 4764 xri.
1376 4693 1461 4764 nihil

1239 4805 1253 4845 ,
1266 4801 1276 4824 .
