3767 5717
954 571 1019 633 320

606 756 685 826 iadau
709 761 785 825 ἑλὼν
806 763 846 834 ὡς
869 763 895 826 οἱ
918 763 977 840 μὲν
999 764 1180 844 ἐϋσσέλμων
1202 767 1267 831 cini
1292 769 1367 843 ania

606 861 732 939 ticianae
747 864 923 932 ε’τέτλειον.
1300 847 1304 858 ⁸

408 963 509 1029 multa
530 964 619 1031 dabit
639 966 801 1035 Doarrtn.
821 969 860 1035 ad
883 968 1090 1040 caranum
1106 975 1213 1043 locum
1240 981 1293 1057 lt,
1318 981 1370 1044 12.
1394 977 1455 1044 ὅδὲ
1473 979 1580 1060 Θήρων

407 1065 488 1134 ἔνθεν
511 1068 610 1137 ἑλών..
650 1071 771 1140 Tamen
791 1075 921 1142 turbant
941 1078 1065 1145 indocti
1084 1082 1204 1148 scribae
1224 1095 1256 1149 et
1278 1082 1487 1174 interpolant:
1507 1082 1581 1173 ple·

409 1172 502 1262 rique
520 1172 551 1238 h.
562 1175 584 1241 l.
602 1174 683 1242 ἔνθεν
697 1179 871 1259 ἀρξάμενος
888 1182 1055 1264 exhibent;
1079 1187 1113 1252 iu
1133 1187 1282 1256 Dtocttnu
1298 1188 1447 1254 Lucano
1465 1186 1582 1256 1.102.

408 1281 442 1344 in
464 1280 613 1369 omnibus
631 1295 680 1350 eat
700 1283 781 1349 ἔνθεν
800 1286 814 1349 0‘
835 1288 1031 1371 Ἀνάχαρσις
1052 1294 1143 1360 ἐλθὼν
1166 1293 1246 1376 ἔφη,
1272 1294 1328 1359 ubi
1345 1296 1421 1360 ἑλών
1439 1291 1579 1382 reposui.

409 1390 503 1473 533.
525 1388 736 1479 ciaconium,
759 1401 878 1456 reterea
897 1395 1161 1476 οὶσοκοιρτερήσοιι.
1186 1403 1204 1486 5
1226 1401 1277 1464 48.
1295 1407 1453 1479 κοιτήχεῑν
1477 1396 1581 1462 eordi-

408 1492 485 1556 ‹lum
516 1504 548 1558 ot
577 1492 741 1582 plebeium
766 1519 825 1585 pro
843 1497 1009 1564 διδάσκειν.
1048 1510 1211 1582 Κοιτιιχεῒν
1233 1515 1265 1570 et
1283 1505 1463 1583 κοιτήχήσις
1482 1501 1579 1592 primi

407 1595 508 1662 Stoici
528 1597 687 1665 dixerunt.
711 1600 949 1669 Βιοω.1.εὲιιτ.
970 1603 1041 1671 Vll.
1057 1603 1115 1672 89.
1136 1608 1356 1691 διατρέφεσθαι
1381 1608 1412 1672 δὲ
1435 1609 1470 1672 τὸ
1488 1623 1578 1686 λογι-

408 1703 458 1767 κὸν
487 1703 559 1784 ζῷον
585 1705 698 1790 (duola
722 1709 748 1772 oi
776 1710 923 1796 Στωικοί)
949 1711 1024 1775 τοτὲ
1048 1713 1106 1790 μὲν
1128 1712 1178 1778 διὰ
1202 1715 1262 1786 τὰς
1285 1717 1344 1777 τῶν
1367 1710 1473 1790 ἔξωθεν
1497 1735 1578 1792 τοιο-

408 1807 543 1884 γμοὶτων
568 1808 794 1898 τιήοινὸτήτοιο,
820 1813 896 1877 τοτὲ
921 1814 954 1878 δὲ
977 1815 1026 1878 διὰ
1046 1818 1102 1890 τήν
1127 1818 1305 1898 κοιτήχήσιν
1326 1821 1386 1881 τῶν
1408 1813 1579 1888 συνόντων,

317 1970 321 1975 .
409 1909 497 2001 quod
517 1910 626 1978 Stoico
645 1916 815 2004 supercilio
835 1917 1037 1984 dictumest:
1058 1925 1139 2008 quia
1154 1943 1267 1987 eorum
1279 1926 1578 2011 uureapcracnant

400 2021 527 2106 pauit
546 2021 754 2107 opinionibus
773 2045 917 2088 cuorum.
949 2023 1073 2090 Eodem
1093 2027 1191 2092 modo
1211 2027 1381 2094 Lucullus
1401 2026 1463 2092 hoc
1480 2023 1581 2092 aerbo

409 2123 511 2191 utitur
531 2128 590 2201 44,
611 2128 665 2190 39.
689 2127 714 2190 οἱ
737 2127 864 2201 nazarci
884 2128 1006 2208 μέτροις
1026 2155 1062 2195 τε
1082 2132 1252 2214 κοιτήιδουσι
1279 2134 1331 2198 nat
1355 2131 1462 2210 μύθοις
1480 2153 1579 2204 nern-

408 2234 531 2308 χοῦσιν.
580 2227 666 2292 Hinc
692 2230 852 2296 emanavit
878 2230 911 2295 in
941 2231 1052 2321 rulgus
1080 2236 1210 2302 verbum
1230 2257 1287 2326 pro
1307 2238 1435 2302 crebris
1454 2255 1578 2300 aermo-

409 2336 505 2400 nibua
525 2333 663 2421 aliquid
680 2336 862 2412 inculcare,
882 2335 1001 2402 deinde
1019 2361 1078 2428 pra
1098 2345 1175 2406 viru
1194 2365 1269 2406 uoce
1286 2342 1418 2420 docere,
1443 2337 1581 2425 deniquo

324 2468 328 2472 ’
408 2447 564 2518 κὀιτνιχεῖν
593 2460 723 2528 prorsus
745 2438 830 2504 idem
852 2452 899 2504 eat
920 2452 1017 2530 atque
1037 2443 1208 2520 illicacta,
1241 2459 1276 2511 ut
1296 2446 1397 2511 multa
1425 2441 1582 2512 vocabula

411 2545 535 2612 abiecta
562 2556 595 2608 et
625 2543 752 2610 sordida
780 2553 844 2617 τοῖς
875 2547 1011 2618 irrorari
1041 2549 1304 2639 praeplacebant,
1335 2564 1370 2617 ut
1391 2558 1503 2616 λοιλεῒν
1523 2567 1584 2636 pro

409 2651 527 2729 λέγειν.
570 2647 624 2715 Sic
643 2650 758 2730 εὀεήγω
788 2651 957 2736 (σινοίατο
976 2651 1066 2740 olim)
1088 2663 1317 2744 pronunciare
1339 2655 1424 2748 apud
1445 2652 1585 2720 istosci-

411 2757 558 2845 gnificat,
588 2755 676 2846 quod
701 2777 773 2820 curn
793 2755 940 2844 pluribus
960 2757 1032 2822 aliis,
1051 2758 1196 2826 Locren.
1219 2761 1259 2827 ad
1278 2763 1402 2827 Pnntu.
1420 2785 1451 2850 p.
1474 2762 1516 2824 63
1536 2768 1586 2822 at-

409 2862 496 2928 tulit.
545 2865 603 2938 44,
627 2864 658 2924 3.
681 2861 731 2937 ἐπὶ
754 2860 843 2940 ξυροῦ
867 2858 993 2937 ἕςκκεν,
1016 2874 1138 2930 veteres
1155 2865 1206 2930 ἐστὶ
1230 2866 1325 2947 ξυροῦ
1339 2868 1456 2944 ἀκμῆς.
1492 2865 1583 2952 526.

410 2968 451 3039 ὡς
484 2966 684 3044 ξυνήσουσιν,
725 2975 846 3030 veteres
875 2966 981 3031 solum
1010 2965 1090 3041 ὅπως
1126 2991 1200 3035 eum
1227 2969 1338 3036 futuro
1367 2970 1587 3058 coniungunt,

410 3071 582 3154 Luciacus
601 3090 695 3158 caepe
713 3071 763 3142 ὡς.
786 3072 804 3154 5
826 3073 868 3135 49
885 3070 1007 3153 opipara
1025 3074 1238 3152 ἐσιμελήτής,
1261 3088 1380 3142 veteres
1399 3097 1463 3140 unc
1485 3073 1583 3142 verbo

408 3176 641 3258 πρῳρεύς.45,
668 3177 709 3236 10
728 3177 761 3239 οὐ
780 3184 1054 3255 προσεποιεῖτο
1075 3179 1239 3253 inaurium
1261 3192 1380 3247 veteres
1400 3183 1453 3244 οὐκ
1473 3176 1585 3244 ἐδόκει.

415 3281 560 3348 Graviter
579 3278 712 3368 impegit
730 3279 763 3342 in
784 3286 802 3367 §
824 3282 863 3344 19
882 3280 917 3344 in
935 3279 1053 3346 verbis:
1076 3281 1176 3347 ὁκόσοι
1194 3281 1233 3348 ἂν
1251 3286 1441 3366 ineruditio
1462 3283 1505 3352 εἰς
1524 3282 1582 3360 ἐμὲ

412 3386 466 3454 naal
486 3386 529 3457 εἰς
553 3384 683 3456 ἐκείνους
707 3385 904 3466 ineruditae
928 3384 992 3468 ἔσή.
1014 3397 1050 3450 ut
1072 3386 1182 3452 ritaret
1202 3387 1399 3470 κοικοφωνίοιν
1418 3385 1529 3452 incidit
1548 3385 1584 3452 in

415 3489 648 3559 soloecismum.
681 3487 830 3578 Namque
850 3488 959 3556 aoriati
980 3514 1016 3556 ea
1036 3501 1150 3558 natura
1169 3503 1216 3558 est
1239 3503 1273 3558 ut
1294 3514 1367 3558 cum
1388 3491 1497 3556 lutura
1519 3489 1586 3557 ἔσο-

410 3605 470 3678 μοιι
493 3617 600 3685 neque
619 3593 813 3682 cogitatione
829 3615 935 3684 neque
953 3595 1056 3662 verbis
1070 3597 1222 3686 coniungi
1240 3597 1355 3688 possita
1383 3595 1470 3686 quod
1487 3595 1585 3685 plane

412 3702 577 3795 praeteriit
606 3712 638 3765 et
667 3700 735 3764 sine
763 3700 895 3790 vestigio
922 3723 960 3767 ex
991 3723 1096 3766 rerum
1127 3713 1240 3769 natura
1264 3701 1427 3766 sublatum
1452 3712 1585 3767 estnon

414 3820 535 3900 potest,
558 3805 673 3882 credo,
697 3804 762 3870 dici
779 3804 818 3869 ad
840 3804 941 3870 futuri
963 3808 1113 3896 temporis
1133 3829 1225 3874 usum
1242 3807 1488 3897 perduraturum
1509 3828 1585 3872 esse.

414 3913 554 3980 Perleoti
579 3911 726 3974 futurum
749 3920 815 3987 eat,
839 3911 914 4000 quia
934 3911 1111 3978 absolutam
1135 3935 1201 3978 rem
1220 3912 1393 4002 perdurare
1413 3925 1445 3978 et
1466 3923 1588 3980 exstare

415 4019 593 4108 significat,
624 4015 733 4080 aoristi
761 4038 825 4081 non
855 4029 912 4084 est.
960 4019 1002 4083 Et
1024 4041 1061 4083 ex
1081 4018 1156 4109 ipsis
1176 4017 1306 4107 quidem
1325 4017 1476 4108 perlectis
1495 4017 1585 4081 lutu-

413 4147 521 4192 rorum
551 4122 673 4186 formae
701 4122 942 4212 producuntur,
971 4136 1007 4189 ut
1028 4124 1184 4202 κτήσομοιι
1207 4146 1243 4189 ιιι
1265 4127 1387 4202 κτῶμκι
1410 4121 1586 4196 εἰσιιεκτή-

416 4254 512 4310 σομοιι
537 4229 726 4319 producitur
751 4253 787 4294 ex
820 4229 998 4309 κέκτήμοιι,
1022 4242 1055 4295 et
1074 4232 1298 4310 μεμνήσομαι,
1323 4232 1504 4312 εἰρήσομοιι,
1528 4228 1587 4306 βε·

416 4336 597 4416 βλήσομοιι,
611 4337 832 4417 τετμήσομοιι,
851 4336 1046 4414 κεκλήσομοιι
1060 4385 1070 4408 ,
1088 4334 1148 4400 alia
1164 4347 1309 4400 sexcenta
1322 4346 1500 4425 sequuntur
1510 4355 1587 4397 ana·

421 4440 538 4528 logiam
579 4438 686 4529 poeria
722 4449 842 4502 notam.
897 4437 965 4504 Cur
999 4441 1097 4530 igitur
1133 4453 1196 4507 tam
1226 4441 1360 4531 protrita
1390 4453 1423 4508 et
1454 4437 1589 4532 puerilia

369 4587 373 4593 ·
420 4545 572 4635 attingis?
593 4544 730 4634 inquies.
778 4543 919 4610 Primum
942 4557 977 4610 ut
1001 4545 1180 4613 coarellam
1200 4571 1258 4638 pro
1286 4548 1369 4615 virili
1387 4558 1479 4636 parte
1499 4565 1593 4610 usum

419 4650 547 4718 absurdi
572 4650 728 4729 nominis,
752 4650 838 4740 quod
856 4651 1029 4742 magistelli
1046 4653 1159 4720 insulsi
1180 4654 1215 4719 iis
1236 4653 1346 4720 formis
1367 4653 1587 4743 imposuerunt
