3767 5717
844 537 908 646 s'er

291 781 413 860 studia,
444 780 478 844 iu
509 778 626 868 quibus
647 797 736 841 nunc
756 799 792 842 ea
813 775 949 845 facultas
969 773 1134 866 consopita
1154 788 1217 854 est,
1240 789 1294 842 aut
1315 777 1458 867 quisine

291 890 372 953 duce
401 887 433 951 iu
462 885 601 950 tenebris
630 894 770 948 errantes
799 882 922 946 incerta
945 893 984 946 ⁴et
1014 903 1108 947 caeca
1136 882 1263 972 pariunt
1292 894 1323 947 et
1353 884 1459 948 multo

288 993 397 1058 labore
426 1003 458 1057 et
490 990 649 1056 aerumnis
673 988 793 1054 frustra
822 986 989 1054 exantlatis
1020 987 1052 1053 id
1083 987 1178 1053 nimis
1202 1010 1294 1078 saepe
1323 990 1458 1055 afferunt

285 1097 359 1177 ὅπερ
379 1096 507 1177 ἄρρητον
526 1094 663 1172 ἄμεινον.
699 1093 764 1160 Ubi
784 1092 856 1182 quis
875 1103 931 1157 aut
953 1115 990 1157 ex
1010 1091 1158 1158 codicum
1181 1093 1303 1159 assidua
1319 1094 1457 1160 lectione

285 1214 340 1266 aut
357 1223 394 1266 er
415 1201 529 1266 Brsru
550 1199 824 1265 observationibus
838 1197 988 1264 didicerit
1007 1211 1039 1263 et
1060 1198 1162 1264 oculis
1178 1200 1241 1266 suis
1258 1200 1458 1289 contempla·

285 1309 425 1388 tussit,
459 1330 557 1398 quarn
585 1306 648 1372 sint
676 1306 795 1372 similes
824 1327 862 1370 ac
882 1327 983 1395 prope
1004 1303 1101 1372 iidem
1124 1306 1300 1372 litterarum
1322 1306 1456 1384 ductus,

285 1415 402 1504 quibus
427 1414 512 1493 μετοί
533 1425 565 1478 et
585 1412 671 1478 κοοτοί
692 1412 825 1478 saeculo
846 1410 911 1490 XI,
936 1410 1014 1490 XII,
1039 1410 1118 1476 XIII
1143 1424 1175 1478 ct
1202 1413 1301 1478 scrius
1322 1413 1417 1478 etiarn
1439 1437 1457 1478 a

287 1520 414 1586 Graecis
426 1517 649 1610 tachyqraphis
660 1519 885 1597 scriberentur,
904 1515 1003 1606 idque
1013 1517 1046 1581 in
1057 1517 1214 1583 variarum
1226 1518 1456 1608 scripturarum

284 1626 402 1692 acerris
431 1625 546 1716 passini
579 1625 664 1716 apud
691 1626 878 1715 scriptorem
908 1622 1088 1712 quemlibet
1118 1622 1231 1688 riderit
1256 1624 1456 1701 confirmari,

283 1730 447 1821 quomodo
477 1753 594 1821 quaeso
625 1729 772 1797 dubitare
802 1741 835 1795 et
861 1727 1001 1793 haerere
1015 1730 1152 1819 poterit,
1176 1730 1202 1795 si
1220 1729 1350 1820 quando
1369 1731 1455 1794 κκτοί

285 1837 465 1927 apparebit,
496 1836 551 1901 ubi
576 1859 640 1902 non
665 1824 718 1903 est
745 1835 959 1903 controuersia
993 1835 1070 1924 quin
1092 1835 1178 1914 μετοό
1204 1835 1385 1924 requiratur
1406 1836 1455 1903 rel

284 1941 421 2006 contra?
468 1939 507 2006 In
536 1941 686 2008 Lucrino
716 1947 779 2020 38,
815 1946 868 2008 45.
888 1941 1047 2005 fluctuant
1067 1940 1143 2006 libri
1164 1941 1249 2007 inter
1276 1942 1455 2023 κκόνμὲρκν

283 2058 315 2113 et
349 2045 526 2127 μείκροέρκν
560 2051 647 2133 (nam
677 2050 721 2114 sic
753 2047 873 2115 scribae
900 2047 1152 2136 praepositiones
1179 2048 1282 2114 solent
1304 2070 1376 2113 cum
1398 2071 1456 2115 suo

284 2153 414 2218 nomine
443 2150 476 2215 in
503 2151 673 2220 scribendo
701 2149 916 2244 coniungere,
945 2151 1455 2244 rid.Bssr1ur1p.'795)‚quae

284 2281 350 2324 non
378 2270 510 2348 possunt
540 2282 693 2350 umquam
719 2259 874 2326 condrudi
895 2258 935 2323 ab
958 2281 1014 2337 eo,
1039 2259 1095 2348 qui
1116 2257 1203 2348 qnod
1222 2259 1339 2324 scribat
1360 2260 1457 2325 iutel-

283 2365 368 2456 tigit,
398 2387 473 2428 uam
502 2363 563 2430 hoc
584 2367 735 2432 interd-ris
758 2367 934 2456 significat,
962 2362 1042 2430 illud
1070 2367 1239 2454 quotidie·
1264 2366 1372 2455 itaque
1399 2365 1456 2430 ubi

282 2472 327 2534 ita
342 2467 474 2533 dieitur:
490 2473 618 2534 a‘uvenr's
628 2479 810 2560 postquam
826 2479 1035 2558 strenueper
1045 2479 1148 2534 totum
1160 2471 1247 2534 diem
1253 2471 1456 2566 palaestrae

283 2585 316 2640 et
344 2575 471 2639 litteris
492 2597 627 2663 operam
652 2576 760 2654 dedit,
785 2578 845 2641 sub
867 2597 1040 2666 vesperam
1059 2579 1162 2641 cibum
1186 2582 1277 2667 cepit
1303 2587 1335 2642 et
1355 2581 1453 2654 ἡδίους

280 2679 391 2752 ὕπνους
415 2680 555 2744 satalia
581 2690 646 2753 τοῖς
666 2681 736 2758 μεθ’
760 2680 878 2760 ἡμέραν
904 2680 1062 2758 κκμάτοις
1086 2683 1245 2762 ἕτκρεμόν
1270 2682 1452 2763 ἐπίφθονον,

282 2783 361 2877 quid
390 2805 428 2849 eo
450 2783 548 2849 facias
569 2785 625 2874 qui
644 2784 820 2864 rainesbors
846 2783 1020 2849 oscitanter
1040 2785 1270 2875 supposuerit?
1319 2785 1452 2876 Magnus

280 2893 342 2958 erit
374 2889 510 2979 dpollo,
541 2890 598 2979 qui
629 2890 662 2954 iu
689 2887 801 2955 iisdem
823 2888 928 2954 uerbis
954 2911 1070 2980 capere
1094 2891 1193 2980 possit
1221 2891 1298 2982 quid
1327 2892 1367 2957 sit
1385 2894 1453 2958 ἐτί-

281 2999 405 3084 Φόονονε
441 3017 581 3085 namque
609 3017 673 3060 non
702 3015 768 3060 esse
798 2994 981 3060 incedenda
1008 2998 1196 3088 voluptate,
1226 3010 1261 3063 ut
1281 2997 1452 3088 Interpreti

279 3101 381 3168 risum
412 3112 477 3180 est,
501 3124 565 3186 non
584 3111 666 3191 puto
686 3099 767 3166 serio
792 3099 1088 3168 demonstrandum.
1120 3103 1171 3168 ἐπὶ
1194 3101 1301 3183 χρόνον
1325 3102 1451 3192 vulgata

280 3207 376 3272 lectio
406 3223 493 3287 erat,
527 3231 609 3298 quae
636 3230 674 3272 es
704 3206 794 3272 noris
814 3205 906 3273 codd.
930 3209 975 3274 sic
996 3209 1109 3274 reficta
1130 3221 1229 3276 estet
1251 3221 1452 3300 quantocyus
1532 3227 1535 3230 “

279 3312 474 3392 revocanda,
499 3325 533 3378 ut
553 3313 697 3402 egregins
715 3312 900 3378 adolescens
918 3315 1045 3380 brevem
1065 3339 1214 3381 somnum
1230 3338 1343 3406 capere
1363 3317 1450 3381 dioa'-

279 3429 341 3482 tur.
391 3417 511 3482 Eadem
542 3417 583 3482 de
604 3439 697 3482 causa
727 3429 792 3482 tam
821 3441 915 3507 saepe
945 3423 1019 3484 κκτ’
1048 3422 1154 3501 ὀλίγον
1186 3435 1218 3486 et
1246 3427 1318 3502 μετ’
1346 3423 1451 3501 ὀλίγον

280 3521 529 3612 permiscentur,
563 3543 759 3611 quamquam
795 3521 890 3586 facile
920 3522 1055 3588 discerni
1090 3528 1188 3614 possit
1226 3539 1332 3591 utrum
1359 3551 1454 3617 pau·

278 3629 375 3692 latim
405 3649 445 3690 au
476 3649 554 3692 mox
580 3627 736 3693 sententia
764 3627 925 3717 postulet,
961 3643 995 3695 ut
1025 3632 1058 3696 in
1083 3632 1218 3698 Timone
1246 3641 1284 3712 5,
1319 3637 1348 3697 4.
1377 3637 1450 3697 κκτ’

278 3732 383 3809 ὀλίγον
407 3730 514 3811 Κρόνον
540 3756 576 3796 σε
599 3731 810 3814 οότοφκίνονοο
830 3733 1049 3813 παρωσάμενον
1076 3742 1267 3817 τῆςτομῆς,
1294 3737 1349 3802 ubi
1372 3740 1452 3802 οόπο-

277 3840 429 3916 osorton
460 3859 477 3900 a
511 3834 657 3904 Sruuvro
685 3837 907 3927 accipiendum
940 3852 973 3905 et
1003 3845 1075 3919 μετ’
1110 3843 1216 3922 ὀλίγον
1246 3842 1449 3910 scribendum

278 3960 345 4005 osse
367 3953 509 4030 apparet.
530 3948 591 4022 33,
607 3947 636 4009 7.
656 3941 731 4007 εἴσει
752 3944 815 4024 γόορ
832 3947 904 4008 κοτ’
924 3944 1047 4024 ὀλίγον,
1072 3947 1137 4012 imo
1161 3971 1232 4014 vero
1252 3974 1327 4014 mox
1347 3953 1450 4027 scies,

275 4049 349 4124 μετ’
373 4046 494 4127 ὀλίγον,
524 4049 611 4138 quod
636 4049 716 4114 sidit
737 4049 934 4115 Fnln'zscuu.
956 4053 1018 4130 66,
1042 4055 1095 4118 40.
1116 4054 1225 4119 τοίντκ
1250 4059 1323 4120 κοτ’
1344 4055 1448 4132 ὀλίγον

275 4147 415 4231 οἰτορρεῖ,
450 4152 516 4217 imo
548 4177 619 4220 vero
647 4157 739 4219 brevi
765 4166 837 4246 post
868 4166 1022 4235 mortem,
1056 4161 1129 4236 μετ’
1158 4159 1274 4238 ὀλίγον.
1325 4159 1446 4224 llodem

275 4254 373 4320 modo
402 4261 462 4337 25,
496 4264 556 4339 51,
588 4257 663 4326 ὀτκν
698 4285 746 4333 τις
772 4263 963 4341 ἀκροώμενος
992 4261 1092 4338 clarus
1123 4264 1193 4344 ὀροῖν
1217 4267 1259 4329 τοὶ
1287 4266 1449 4344 λεγόμενον

276 4361 338 4424 ssl-
352 4361 438 4440 μετὰ
467 4370 558 4429 τοῦτο
587 4367 716 4448 ἔντονονῇ,
740 4365 826 4454 quod
853 4365 1034 4432 Buxxunus
1057 4369 1220 4459 praecepit
1246 4371 1332 4434 κκτόν
1355 4375 1445 4434 τοῦτο

276 4476 317 4529 εἰ,
336 4489 409 4532 rara
427 4481 487 4534 aest
520 4471 677 4536 correctio
704 4482 736 4536 et
768 4471 918 4550 evidens,
951 4463 1056 4563 neque
1085 4474 1253 4563 quisquam
1285 4472 1448 4537 dubitabit

279 4575 339 4636 10.
364 4578 400 4652 2,
426 4580 454 4640 1.
478 4601 536 4667 pro
560 4577 740 4653 κκτοίςνοον
765 4601 782 4641 a
807 4575 1005 4643 Scarrrrao
1029 4576 1207 4656 μετοίςκοον
1231 4577 1384 4669 accipere.

275 4675 532 4769 -·:.lle'r‘rique'.e’r
559 4696 592 4750 et
619 4684 673 4750 ἕτί
702 4675 952 4752 describentium
975 4675 1119 4750 socordia
1146 4685 1271 4751 miscuit
1292 4691 1330 4765 9,
1354 4689 1394 4765 6,
1420 4691 1450 4754 2.

1240 4803 1268 4842 τι
