3767 5717
874 519 1057 640 αρ’

320 749 446 848 ραντοο,
471 761 516 826 ita
535 758 667 828 demum
685 759 819 829 retineri
836 759 955 849 poterit
973 756 1113 840 ἀγίνεον,
1137 758 1163 824 ri
1181 781 1259 849 quus
1279 759 1355 828 alins
1374 763 1491 847 πέτρας

319 869 463 948 γονίμους
487 890 554 934 esse
574 866 743 934 constabit.
789 864 876 934 Nota
894 876 969 933 sunt
991 865 1159 955 proverbia
1179 867 1265 931 κατα
1287 868 1377 933 λίίονν
1402 869 1492 936 σπεί-

317 997 396 1054 ρειν,
426 973 513 1038 rare
538 979 658 1055 πετρῶν
686 970 840 1053 σπείρειν,
866 971 953 1038 καπά
978 971 1143 1044 ίάλασσνν
1170 972 1321 1054 σπείρειν,
1345 976 1495 1052 αἰγιαλὸν

315 1078 422 1160 ἀροῦν,
444 1078 561 1167 quibus
579 1078 651 1168 quis
669 1099 823 1168 umquam
845 1075 982 1159 ἀνάνονν,
1006 1075 1057 1142 rel
1077 1076 1207 1155 ἀγονον,
1224 1076 1352 1144 adiiciat
1366 1091 1493 1169 praeter

317 1185 519 1253 Graeculos?
555 1190 615 1263 58,
647 1189 700 1250 30.
730 1185 849 1273 legitur
878 1182 914 1246 πὸ
949 1187 1007 1256 mio
1038 1183 1145 1255 nostr.
1177 1179 1194 1256 ἣ
1225 1184 1295 1250 οὔτε
1323 1187 1403 1258 adol
1432 1186 1491 1250 σῶν

317 1292 421 1370 κριθῶν
444 1292 536 1357 indier
554 1291 625 1358 οὔτε
644 1294 688 1373 σῷ
706 1291 792 1372 ἵππῳ
816 1288 987 1376 [δυναμένῳ
1004 1289 1142 1376 φαγεῖν]
1166 1289 1334 1370 ἐπιτρέπει.
1358 1295 1416 1370 69,
1439 1295 1492 1360 13.

314 1394 400 1467 ε’νίοιο
423 1396 455 1461 δὲ
473 1396 526 1460 καὶ
553 1395 712 1470 ἀδονλεία
736 1397 818 1476 βαρὺ
838 1394 890 1460 καί
917 1391 1034 1481 [ὥσπερ
1053 1389 1102 1460 οὖν
1123 1394 1200 1481 ἐςίν]
1224 1395 1379 1476 ἀφόρητον
1398 1396 1491 1479 ἐφαί-

313 1523 398 1573 νετο,
430 1511 517 1566 reete
546 1498 604 1565 ille
639 1501 772 1591 quidem
800 1499 921 1566 iudicat
951 1498 1094 1588 quisquis
1117 1511 1182 1578 est,
1206 1499 1260 1566 sed
1285 1524 1349 1566 non
1370 1514 1406 1566 ut
1424 1503 1492 1568 eius

315 1605 412 1670 rerba
439 1606 610 1672 Lucianeis
635 1607 838 1674 misceantur.
870 1608 932 1682 70,
955 1609 1007 1672 38.
1038 1606 1253 1682 ἀναμνήσθητι
1279 1607 1331 1670 τὸν
1357 1607 1490 1684 Ἰξίονα,

313 1707 346 1782 ὃς
379 1711 546 1800 [ἀξιωθεὶς]
574 1721 672 1787 κοινῆς
695 1713 851 1793 τραπέζης
872 1710 1001 1788 ἀξίωμα
1026 1709 1089 1780 laaa
1113 1707 1196 1789 ἔχων
1220 1711 1312 1794 ὑμῖν,
1335 1734 1376 1778 ne
1395 1713 1493 1778 dubi-

312 1827 359 1880 tes
380 1837 563 1905 expungere
581 1817 705 1906 inspice
725 1817 900 1883 Euutewts
923 1813 1066 1882 Oresten
1087 1837 1129 1880 rs.
1151 1817 1181 1879 9.
1228 1813 1266 1880 ln
1284 1813 1363 1881 hoec
1385 1818 1491 1883 omnia

313 1918 450 2009 digitum
472 1921 646 1988 intendisse
670 1923 744 1988 satis
765 1933 824 1987 est.
857 1919 992 1986 ldirilioe
1011 1919 1236 2009 arridot'quod
1259 1943 1309 1988 me
1330 1921 1491 1990 flanscnr-

317 2045 392 2091 urus
408 2049 498 2092 meus
523 2027 693 2096 admonuit
719 2031 904 2105 10,13,4.
927 2025 983 2090 ubi
1007 2025 1137 2114 vapulat
1159 2025 1361 2108 Aristoteles,
1380 2053 1492 2096 monna

313 2130 411 2196 chum
439 2133 547 2198 nescio
573 2157 669 2223 quem
692 2146 749 2199 ant
774 2132 968 2198 Graeculum
987 2130 1190 2220 adscripsisse
1210 2132 1266 2225 ἐμὲ
1291 2132 1380 2211 μόνον
1399 2133 1491 2198 ἔασον
1557 2169 1559 2174 .

312 2237 357 2301 πά
385 2238 598 2317 Ἀριςοπὲλονο
628 2238 762 2311 εἰδέναι,
796 2261 879 2327 qnae
907 2236 1003 2302 rerba
1030 2257 1118 2302 nunc
1138 2236 1213 2300 satis
1233 2235 1369 2304 absurde
1392 2237 1431 2303 ab
1452 2261 1491 2302 eo

315 2341 485 2420 dicuntur,
508 2341 565 2430 qui
586 2343 735 2408 omnibus
756 2341 935 2432 opprobriis
957 2340 1164 2406 Aristotelem
1184 2340 1292 2431 palam
1308 2344 1491 2409 insectatur.

316 2443 449 2509 Videbis
476 2444 573 2510 etiam
602 2447 681 2512 alibi
709 2446 883 2512 Graeculos
909 2446 1114 2539 Aristotelem
1137 2457 1169 2509 et
1188 2457 1329 2513 caeteros
1347 2445 1490 2536 philoso-

316 2547 399 2638 phos
427 2549 468 2615 ab
501 2548 645 2620 Luctum
676 2549 756 2614 iocis
781 2561 815 2614 et
836 2549 976 2615 dicteriis
997 2549 1202 2616 vindicantes.
1249 2548 1377 2640 Insigne
1396 2550 1493 2619 huius

315 2655 361 2720 rei
380 2654 561 2743 exemplum
583 2665 630 2718 art
651 2655 683 2720 in
701 2653 831 2719 scholiis
850 2679 880 2744 p
902 2656 957 2718 91.
976 2653 1034 2718 ubi
1053 2653 1151 2718 iratus
1172 2652 1347 2720 Graeculus
1363 2656 1490 2723 Lucu·

315 2777 386 2825 ttutt
416 2759 548 2848 castigat
568 2758 749 2824 Stoicorum
769 2759 875 2849 spinas
894 2770 926 2824 et
945 2759 980 2824 πὸ
1005 2749 1170 2838 σύμβαροα
1193 2761 1247 2825 καὶ
1266 2762 1301 2826 πὸ
1318 2761 1489 2842 παρασύμ-

315 2865 413 2943 βαμα
439 2866 578 2930 suaviter
598 2865 767 2930 ridentem.
789 2867 866 2929 ἀλλ’
888 2865 1098 2944 ἐπιτριβείης.
1122 2859 1142 2927 ὦ
1164 2864 1347 2946 καποίρατε,
1367 2865 1491 2955 inquil,

313 2969 422 3034 ποίντα
456 2971 585 3048 γελοίοις
618 2971 676 3035 ὑπὸ
707 2970 763 3039 σὺν
792 2975 942 3047 γλῶσσαν
976 2968 1097 3050 ςρὲφιον
1123 2970 1176 3033 καὶ
1203 2969 1246 3034 rai
1270 2971 1356 3052 σοφοὶ
1380 2971 1490 3037 πάνποο

312 3085 377 3147 σοῖς
401 3077 603 3152 sosyacum
625 3073 867 3155 παραβάλλαν,
894 3073 1011 3138 deinde
1032 3095 1066 3138 eu
1089 3073 1177 3138 addit
1198 3097 1281 3165 qnae
1301 3099 1341 3140 ne
1362 3075 1491 3142 Stoicus

316 3182 446 3273 quidem
476 3181 544 3246 sine
574 3201 689 3246 nausea
717 3179 810 3269 leget.
857 3178 895 3242 ln
924 3185 960 3257 1,
985 3185 1014 3248 8.
1036 3179 1114 3244 elice
1133 3180 1231 3244 λάλον
1252 3180 1359 3262 ὄρνεον.
1394 3188 1433 3261 5,
1459 3188 1490 3248 4.

318 3286 502 3378 [circitoria]
523 3294 579 3360 τῆς
595 3285 747 3369 ῥροίυροίας
769 3284 947 3364 τάπίχειρα
970 3285 1100 3366 κομίζει.
1123 3289 1158 3363 5,
1183 3291 1235 3352 33.
1252 3284 1317 3351 οίαν
1337 3311 1378 3365 με
1394 3283 1489 3356 οὖσαν

314 3392 483 3470 ἀπολείψει
514 3390 664 3476 [ἀγαθὴν]
691 3390 854 3467 σίνεργον,
879 3399 912 3453 et
934 3389 1096 3454 simillima
1118 3392 1155 3467 8,
1180 3394 1219 3469 4,
1247 3395 1277 3456 t.
1300 3402 1332 3455 et
1352 3394 1412 3470 66,
1438 3395 1490 3458 13.

317 3496 386 3563 illic
414 3491 472 3564 οίος
501 3491 532 3558 εί
556 3493 595 3556 σί
612 3484 614 3488 ’
631 3493 720 3580 [οὕτω
741 3492 868 3580 καλίς],
903 3492 958 3558 hic
989 3490 1047 3558 οἷον
1074 3493 1112 3558 ἀν
1141 3495 1191 3580 [ἀς
1215 3495 1398 3582 εὐδαίμονα]
1422 3495 1490 3573 βιόν

316 3599 495 3678 ἐπεβίωσαν
530 3596 646 3665 deinde
675 3600 801 3682 o§56
829 3609 862 3661 et
890 3603 944 3664 57.
979 3597 1107 3676 μάλιςα
1139 3596 1234 3686 (adde
1262 3599 1335 3685 μὲν)
1366 3600 1409 3670 είς
1434 3599 1491 3672 τὴν

317 3705 482 3770 ίάλαππαν
502 3703 661 3785 ἐμβαλεῖς
684 3703 778 3767 αὐτὸν
794 3704 880 3767 -εί
906 3705 939 3768 δὲ
964 3705 1008 3781 μὴ
1036 3703 1139 3790 [τοῦτο
1163 3703 1308 3791 βοίλει]τ
1331 3707 1368 3782 9,
1393 3706 1435 3782 2,
1459 3707 1490 3770 4.

314 3820 445 3875 auctore
474 3807 736 3873 Hunsatanusro
767 3808 895 3874 tandem
927 3808 1128 3898 expellantur
1159 3807 1206 3896 [τὸ
1241 3811 1346 3891 σώζειν
1377 3810 1490 3882 αὖτοὺς

314 3914 369 3980 καὶ
398 3913 592 4001 ἀπολλύναι]
620 3925 653 3979 et
675 3912 734 3992 10',
759 3917 795 3992 6,
821 3918 849 3979 2.
873 3912 1043 4002 [πολλάαις
1064 3912 1215 4000 inculpet}
1256 3911 1294 3976 Iu
1314 3915 1353 3991 9,
1380 3916 1436 3993 13,
1462 3917 1493 3981 1.

315 4019 368 4085 καὶ
400 4019 452 4083 tre
482 4023 572 4083 τοῦτο
603 4028 759 4101 παρεῖχεν
794 4019 949 4107 [duorlar]
999 4017 1119 4084 Notum
1146 4029 1192 4084 est
1217 4018 1310 4084 inre
1337 4020 1491 4088 amatoria

315 4123 469 4204 παρέχειν
487 4125 714 4212 morigerari,
739 4125 854 4190 omisso
881 4124 1091 4214 pronomine,
1111 4136 1147 4189 ut
1170 4129 1229 4204 67,
1250 4131 1290 4203 5,
1314 4128 1344 4189 4.
1365 4125 1490 4208 πάρεχε

315 4233 401 4308 γοῦν.
448 4228 613 4294 Praetereo
644 4230 796 4310 παρέχειν
825 4230 944 4296 dicitur
973 4230 1029 4321 qui
1059 4229 1185 4299 medico
1215 4251 1331 4320 corpus
1357 4231 1490 4320 praebet

212 4409 216 4420 1
316 4333 487 4401 secandum
513 4335 564 4399 rel
584 4334 743 4404 urendum
764 4337 814 4401 rel
834 4337 979 4426 qualibet
999 4334 1158 4401 medicina
1179 4335 1375 4414 curandum,
1400 4337 1491 4399 cuius

317 4445 365 4509 rei
392 4441 517 4532 egregia
545 4441 690 4530 exempla
719 4463 738 4505 c
765 4441 918 4508 Psaroan
946 4441 1075 4530 collegit
1104 4442 1273 4508 llsnsnros
1298 4440 1332 4504 in
1352 4440 1489 4530 Speca'm.

322 4543 410 4619 Urit.
432 4546 470 4612 io
498 4546 673 4612 Platonem
705 4570 738 4637 p.
761 4549 815 4614 91.
837 4569 1082 4638 nonnumquam
1109 4547 1143 4610 τὸ
1169 4552 1262 4624 σῶμα
1283 4544 1429 4627 additur,
1454 4558 1491 4613 ut
1553 4572 1560 4590 ·

319 4651 354 4718 in
375 4652 525 4720 Medium
546 4676 592 4720 rs.
619 4652 708 4749 140.Ι
742 4667 748 4682 ·
819 4722 826 4729 ‚
