3767 5717
859 574 898 632 15

289 758 344 819 τοῦ
366 768 435 817 esse
463 748 594 833 arguit,
617 748 665 813 sie
692 746 849 831 scriptus:
880 743 1018 827 ἕννόμνζε
1038 743 1094 817 καὶ
1116 742 1229 823 σέβου,
1260 742 1343 824 ζήτει
1368 743 1399 810 δὲ
1422 745 1478 823 μή.

289 877 429 944 Videsne
452 857 677 941 ὄῇΝΟΜΙΖΘ
700 872 720 935 i.
734 889 762 936 e.
780 871 851 935 deis
876 868 980 951 νόρνζε
997 868 1158 956 quomode
1181 868 1214 933 in
1234 869 1370 953 ἕννὸμνζε
1392 870 1476 936 abie-

290 985 347 1049 rit.
394 982 462 1048 Ncn
488 977 629 1064 simplici
657 974 741 1041 malc
764 974 886 1041 laborat
910 974 1089 1042 versiculus
1115 975 1184 1040 sine
1213 980 1331 1062 poetae·
1350 976 1480 1043 nornine

289 1086 440 1155 laudatus
468 1105 497 1172 p.
518 1085 593 1150 717.

427 1192 473 1257 τὺ
498 1188 524 1255 δ’
547 1191 586 1254 οὐ
610 1185 681 1254 τάδ’
701 1183 794 1260 sinac
817 1186 863 1265 μὴ
886 1185 992 1264 λέγειν
1015 1178 1038 1250 δ
1061 1195 1108 1259 asc
1131 1192 1247 1269 φρονεῖ.
1319 1200 1322 1229 ²

289 1306 326 1364 tu
350 1315 468 1383 repone
488 1314 528 1361 ex
551 1293 708 1359 llnarrrnrs
731 1291 913 1358 Phoenissis
937 1310 983 1356 vs.
1007 1293 1083 1355 592.

427 1400 563 1466 δούλου
586 1398 650 1465 τόδ’
674 1392 767 1472 siarum
790 1399 856 1463 κτὲ.
889 1446 894 1455 .

289 1506 409 1572 omissa
428 1503 572 1571 litterula
595 1512 624 1569 Δ
646 1511 778 1591 apparet
799 1512 947 1570 OTAOT
969 1504 1000 1568 in
1022 1502 1059 1567 τὺ
1080 1500 1106 1567 δ’
1119 1504 1151 1569 οὐ
1172 1521 1242 1568 esse
1254 1490 1479 1589 depravatum,

291 1611 378 1677 unde
402 1609 532 1697 colligas
552 1609 677 1676 litteras
689 1608 830 1676 initiales
842 1626 905 1675 uon
925 1607 1024 1674 luisse
1037 1606 1232 1693 adscriptas,
1257 1615 1313 1673 aut
1335 1626 1396 1675 nun
1410 1609 1479 1675 ubi·

292 1736 371 1803 que,
396 1718 430 1782 in
451 1719 551 1783 veteri
573 1716 675 1793 libro,
700 1714 786 1782 unde
801 1714 1001 1780 Florentium
1020 1712 1201 1799 descriptus
1221 1720 1280 1779 cst.
1305 1713 1341 1778 ln
1354 1722 1480 1781 senten·

289 1824 358 1902 tia,
393 1844 475 1909 quae
507 1824 707 1889 Prrnucnnrn
741 1820 899 1887 tribuitur
932 1841 963 1907 p.
989 1824 1052 1885 703
1084 1819 1271 1885 ἐτνδείκνντν
1294 1820 1339 1899 μὲν
1361 1820 1392 1885 ἕν
1415 1828 1480 1895 τοῖς

288 1928 394 2008 utpote
418 1925 440 1995 ἃ
462 1934 585 2012 φρονεῖν
606 1930 683 1994 ἀλλ’
707 1930 738 1993 ἐν
761 1933 825 2001 τοῖς
849 1925 948 2009 {pyrre
972 1922 994 1991 ἓν
1018 1932 1136 1999 ποιεῖν,
1162 1922 1286 2011 decepit
1309 1923 1478 1992 librarium

291 2054 393 2100 nexus
425 2034 558 2121 quidam
593 2033 734 2122 syllabae
759 2058 815 2111 εν,
839 2033 895 2118 qui
926 2031 1102 2097 oscitanter
1132 2028 1293 2114 legentis
1325 2029 1434 2097 littera
1457 2057 1479 2099 ν

289 2138 370 2203 nihil
401 2138 586 2227 discrepat,
618 2146 654 2205 ut
685 2139 726 2203 sit
754 2137 926 2224 legendum
951 2133 984 2203 εὖ
1007 2142 1128 2220 φρονεῖν
1151 2142 1184 2201 et
1207 2131 1242 2201 εὖ
1265 2144 1372 2203 ποιεῖν.
1419 2133 1479 2204 llu-

290 2243 364 2310 dem
392 2245 486 2311 modo
511 2270 534 2311 ν
556 2253 588 2312 et
607 2268 641 2310 εν
663 2245 782 2331 passim
811 2243 1050 2330 permiscentur
1073 2249 1105 2307 et
1130 2260 1326 2328 quamquam
1350 2260 1389 2308 ex
1419 2240 1479 2309 hcc

291 2357 399 2415 errore
423 2351 614 2416 contrarium
638 2368 731 2437 saepe
755 2348 876 2415 dicitur
904 2366 1001 2435 quam
1035 2346 1121 2433 quud
1151 2346 1277 2413 dixerat
1305 2336 1423 2434 aliquis
1447 2355 1479 2415 et

294 2472 385 2519 mens
408 2475 485 2521 sana
509 2456 671 2543 postulat,
695 2456 878 2522 diutissime
902 2455 1000 2521 etiam
1024 2452 1084 2519 hae
1107 2453 1246 2539 ineptiae
1276 2452 1478 2520 eruditurum

294 2558 401 2623 oeulos
426 2559 616 2627 ielellerunt.
663 2560 731 2650 Non
757 2560 858 2628 leram
888 2543 1013 2625 diutius
1034 2557 1172 2625 Sunuunu
1200 2558 1246 2624 sic
1269 2558 1478 2645 ineptientem

294 2660 379 2748 apud
398 2664 597 2730 Punrrncnuu
618 2666 651 2731 in
672 2667 738 2731 vita
762 2686 830 2752 cap.
845 2666 972 2731 xxvlr.
1018 2664 1192 2740 Ἕλλησιν,
1216 2660 1319 2741 εἶτεν,
1342 2662 1364 2730 ὦ
1383 2666 1477 2744 βττι-

290 2774 348 2833 tes
372 2771 496 2847 Λυδῶν,
521 2769 593 2850 τρδς
614 2796 650 2837 τε
673 2771 782 2838 scitne
801 2772 931 2853 μετρίως
954 2769 1039 2851 ἔχειν
1061 2770 1156 2843 teste
1176 2768 1267 2833 ἔδωκε
1288 2769 1340 2834 νιν)
1362 2771 1477 2853 notetus

290 2874 370 2948 τννδς
394 2876 575 2957 εὐδτρττῦς,
598 2879 637 2951 ὥς
658 2876 753 2954 ἔοικε,
778 2878 830 2943 καὶ
853 2876 1040 2954 δημοτικῆς,
1066 2877 1098 2939 οὐ
1118 2875 1287 2954 rimetusus
1307 2875 1373 2940 οὐδὲ
1393 2888 1478 2957 turp·

290 2984 370 3062 τρνῖς
395 2982 454 3046 ὑπὸ
477 2978 677 3065 μετριότητος
696 2982 938 3063 ἧμῖν·ρὲτεςνν,
963 2980 1036 3067 quis
1066 2979 1250 3047 admonitus
1274 3000 1336 3047 nun
1359 2980 1478 3051 videbit

289 3086 350 3150 alle
329 3092 439 3167 νρττῦς
464 3106 576 3151 serum
600 3089 694 3155 essei

334 3191 371 3256 ln
395 3190 575 3277 fragmento
600 3191 767 3259 Sornncnrs
790 3214 820 3280 p.
835 3197 902 3259 699
926 3191 1123 3275 Σοφοκλέους
1145 3192 1307 3278 Ενφνλρ

518 3300 682 3376 ..γλῶττ’
706 3299 743 3364 ἕν
767 3295 862 3365 circs
886 3296 1030 3380 cisdpeicru'
1053 3300 1146 3397 τνμνν
1170 3296 1239 3379 ἔχει

513 3398 630 3470 casua
611 3402 699 3483 λόγον
725 3404 858 3470 clirecus
877 3411 940 3470 τῶν
964 3402 1059 3486 ἔργων
1082 3403 1187 3469 πλέον.

288 3524 364 3572 cave
393 3507 558 3574 existimes
587 3510 627 3575 ab
656 3510 751 3575 initio
771 3510 948 3597 quidquam
973 3508 1100 3585 deesse,
1126 3514 1161 3573 ut
1186 3510 1322 3595 passim,
1347 3511 1476 3582 rubrica

288 3611 512 3733 supplendum.
561 3613 597 3681 Iu
623 3614 711 3681 hune
733 3615 867 3681 mudum
886 3616 1043 3681 damnum
1067 3614 1204 3681 nesarci:

471 3723 590 3798 γλῶττ’
616 3722 653 3786 ἕν
676 3728 841 3787 κεντῖτιν
864 3718 1008 3801 ereptae
1032 3744 1125 3798 τιμνν
1149 3718 1228 3800 ἔχει.

288 3818 441 3887 lliusdem
464 3831 577 3910 poetae
601 3824 744 3915 lucusp.
771 3828 836 3892 726
869 3824 1008 3890 nimium
1041 3823 1098 3890 diu
1131 3824 1283 3891 mendum
1317 3825 1398 3895 aluit
1422 3830 1475 3921 (ex

288 3926 383 3992 Aiace
405 3948 452 3995 vs.
476 3930 566 4020 964.)

470 4038 496 4101 oi
520 4037 583 4117 γὰρ
607 4039 694 4103 κακοὶ
718 4040 874 4117 ννώριννντν
898 4038 1070 4117 τάγαθὸν
1093 4044 1196 4120 χεροῖν

439 4163 442 4167 ‘
471 4139 597 4221 ἔχοντες
621 4145 675 4208 οὐκ
698 4143 784 4210 iuuet
809 4145 878 4227 τρίν
901 4168 950 4217 τις
974 4142 1107 4227 indultu.
1168 4154 1170 4159 '

288 4242 399 4309 eadem
424 4243 520 4311 lectio
543 4247 576 4310 in
602 4246 766 4315 Scenccurs
789 4249 882 4317 codd.
907 4249 1032 4325 fertur,
1057 4256 1093 4315 ut
1111 4258 1212 4315 setus
1231 4266 1300 4317 esse
1321 4253 1475 4321 ruendum

286 4358 448 4435 appareat.
496 4351 618 4439 Nempe
640 4355 782 4432 aspectu
802 4357 835 4421 iu
856 4355 907 4421 hls
927 4355 1034 4421 verbis
1055 4354 1211 4421 absonum
1230 4362 1295 4421 est:
1320 4376 1383 4443 quo
1406 4378 1475 4425 scu·

285 4456 485 4623 1ειιτνὶννδόν
509 4456 638 4525 dicatur
659 4460 779 4546 optime
798 4462 911 4528 sentiri
934 4468 1039 4547 potest
1059 4481 1098 4527 ex
1121 4459 1180 4529 hoc
1201 4458 1298 4527 nubili
1319 4462 1475 4535 Euareints

297 4578 372 4628 ocu:
1088 4598 1091 4603 ·
