<?xml version="1.0" encoding="UTF-8"?>
<!DOCTYPE html PUBLIC "-//W3C//DTD XHTML 1.0 Transitional//EN"
    "http://www.w3.org/TR/xhtml1/DTD/xhtml1-transitional.dtd">
<html xmlns="http://www.w3.org/1999/xhtml" xml:lang="en" lang="en">
 <head>
  <title>
</title>
<meta http-equiv="Content-Type" content="text/html;charset=utf-8" />
  <meta name='ocr-system' content='tesseract 3.04.00' />
  <meta name='ocr-capabilities' content='ocr_page ocr_carea ocr_par ocr_line ocrx_word'/>
</head>
<body>
  <div class='ocr_page' id='page_1' title='image "./variaelectiones02cobegoog_0220.png"; bbox 0 0 3767 5717; ppageno 0'>
   <div class='ocr_carea' id='block_1_1' title="bbox 981 550 1047 615">
    <p class='ocr_par' dir='ltr' id='par_1_1' title="bbox 981 550 1047 615">
     <span class='ocr_line' id='line_1_1' title="bbox 981 550 1047 615; baseline -0.03 0"><span class='ocrx_word' id='word_1_1' title='bbox 981 550 1047 615; x_wconf 80' lang='lat' dir='ltr'><strong>tou</strong></span> 
     </span>
    </p>
   </div>
   <div class='ocr_carea' id='block_1_2' title="bbox 418 742 1604 1672">
    <p class='ocr_par' dir='ltr' id='par_1_2' title="bbox 420 742 1604 1249">
     <span class='ocr_line' id='line_1_2' title="bbox 421 742 1604 827; baseline -0.008 -12"><span class='ocrx_word' id='word_1_2' title='bbox 421 745 704 827; x_wconf 55' lang='lat' dir='ltr'><strong>Acroteleutium,</strong></span> <span class='ocrx_word' id='word_1_3' title='bbox 730 742 768 812; x_wconf 76' lang='grc' dir='ltr'><strong><em>ὧν</em></strong></span> <span class='ocrx_word' id='word_1_4' title='bbox 793 744 912 819; x_wconf 80' lang='grc' dir='ltr'><strong><em>οὐδένες</em></strong></span> <span class='ocrx_word' id='word_1_5' title='bbox 936 744 1063 811; x_wconf 83' lang='grc' dir='ltr'><strong><em>πθποτε</em></strong></span> <span class='ocrx_word' id='word_1_6' title='bbox 1081 748 1142 809; x_wconf 86' lang='grc' dir='ltr'><strong><em>τῦν</em></strong></span> <span class='ocrx_word' id='word_1_7' title='bbox 1163 742 1323 819; x_wconf 78' lang='grc' dir='ltr'><strong><em>Ἑλλήνων</em></strong></span> <span class='ocrx_word' id='word_1_8' title='bbox 1346 751 1471 825; x_wconf 84' lang='grc' dir='ltr'><strong><em>κρατεῖν</em></strong></span> <span class='ocrx_word' id='word_1_9' title='bbox 1491 742 1604 818; x_wconf 87' lang='grc' dir='ltr'><strong><em>ήδυνή-</em></strong></span> 
     </span>
     <span class='ocr_line' id='line_1_3' title="bbox 421 846 1601 933; baseline -0.005 -14"><span class='ocrx_word' id='word_1_10' title='bbox 421 855 529 929; x_wconf 79' lang='grc' dir='ltr'><strong><em>θησαν.</em></strong></span> <span class='ocrx_word' id='word_1_11' title='bbox 578 851 632 921; x_wconf 89' lang='lat' dir='ltr'><strong>Sic</strong></span> <span class='ocrx_word' id='word_1_12' title='bbox 659 852 693 918; x_wconf 89' lang='lat' dir='ltr'><strong>in</strong></span> <span class='ocrx_word' id='word_1_13' title='bbox 718 850 967 919; x_wconf 78' lang='lat' dir='ltr'><strong>Lrsnlv.15.</strong></span> <span class='ocrx_word' id='word_1_14' title='bbox 992 849 1118 933; x_wconf 67' lang='lat' dir='ltr'><strong>andrapon</strong></span> <span class='ocrx_word' id='word_1_15' title='bbox 1143 848 1285 931; x_wconf 89' lang='grc' dir='ltr'><strong><em>πρότερον</em></strong></span> <span class='ocrx_word' id='word_1_16' title='bbox 1311 848 1493 928; x_wconf 78' lang='grc' dir='ltr'><strong><em>έπλήνήνή</em></strong></span> <span class='ocrx_word' id='word_1_17' title='bbox 1518 846 1601 913; x_wconf 80' lang='grc' dir='ltr'><strong><em>ε’ποό-</em></strong></span> 
     </span>
     <span class='ocr_line' id='line_1_4' title="bbox 420 952 1603 1047; baseline -0.003 -26"><span class='ocrx_word' id='word_1_18' title='bbox 420 956 507 1034; x_wconf 78' lang='grc' dir='ltr'><strong><em>ταξα</em></strong></span> <span class='ocrx_word' id='word_1_19' title='bbox 528 958 626 1033; x_wconf 81' lang='grc' dir='ltr'><strong><em>ε’κεόνή</em></strong></span> <span class='ocrx_word' id='word_1_20' title='bbox 645 962 769 1036; x_wconf 76' lang='grc' dir='ltr'><strong><em>μαλλον</em></strong></span> <span class='ocrx_word' id='word_1_21' title='bbox 791 956 829 1023; x_wconf 83' lang='grc' dir='ltr'><strong><em>θον</em></strong></span> <span class='ocrx_word' id='word_1_22' title='bbox 849 958 934 1041; x_wconf 83' lang='grc' dir='ltr'><strong><em>ήδει,</em></strong></span> <span class='ocrx_word' id='word_1_23' title='bbox 961 956 1033 1047; x_wconf 78' lang='lat' dir='ltr'><strong>loge</strong></span> <span class='ocrx_word' id='word_1_24' title='bbox 1051 955 1194 1038; x_wconf 79' lang='grc' dir='ltr'><strong><em>πρότερος</em></strong></span> <span class='ocrx_word' id='word_1_25' title='bbox 1215 966 1249 1020; x_wconf 88' lang='lat' dir='ltr'><strong>et</strong></span> <span class='ocrx_word' id='word_1_26' title='bbox 1266 966 1414 1045; x_wconf 68' lang='lat' dir='ltr'><strong>expungo</strong></span> <span class='ocrx_word' id='word_1_27' title='bbox 1433 952 1483 1019; x_wconf 82' lang='grc' dir='ltr'><strong><em>όιν.</em></strong></span> <span class='ocrx_word' id='word_1_28' title='bbox 1516 953 1603 1018; x_wconf 76' lang='lat' dir='ltr'><strong>Atu-</strong></span> 
     </span>
     <span class='ocr_line' id='line_1_5' title="bbox 420 1061 818 1129; baseline 0 -2"><span class='ocrx_word' id='word_1_29' title='bbox 420 1076 608 1127; x_wconf 79' lang='lat' dir='ltr'><strong>srornartas</strong></span> <span class='ocrx_word' id='word_1_30' title='bbox 631 1061 717 1129; x_wconf 87' lang='lat' dir='ltr'><strong>Nub.</strong></span> <span class='ocrx_word' id='word_1_31' title='bbox 743 1065 818 1129; x_wconf 74' lang='lat'><strong>940.</strong></span> 
     </span>
     <span class='ocr_line' id='line_1_6' title="bbox 712 1163 1296 1249; baseline -0.003 -18"><span class='ocrx_word' id='word_1_32' title='bbox 712 1166 790 1248; x_wconf 80' lang='grc' dir='ltr'><strong><em>Φέρε</em></strong></span> <span class='ocrx_word' id='word_1_33' title='bbox 813 1167 848 1241; x_wconf 81' lang='grc' dir='ltr'><strong>δή</strong></span> <span class='ocrx_word' id='word_1_34' title='bbox 872 1165 999 1249; x_wconf 79' lang='grc' dir='ltr'><strong><em>πότερος</em></strong></span> <span class='ocrx_word' id='word_1_35' title='bbox 1024 1166 1109 1243; x_wconf 81' lang='grc' dir='ltr'><strong><em>λέξει</em></strong></span> <span class='ocrx_word' id='word_1_36' title='bbox 1133 1163 1296 1246; x_wconf 57' lang='lat' dir='ltr'><strong>mirarem</strong></span> 
     </span>
    </p>

    <p class='ocr_par' dir='ltr' id='par_1_3' title="bbox 419 1265 1602 1443">
     <span class='ocr_line' id='line_1_7' title="bbox 419 1265 1602 1363; baseline -0.002 -28"><span class='ocrx_word' id='word_1_37' title='bbox 419 1270 476 1342; x_wconf 89' lang='lat' dir='ltr'><strong>ubi</strong></span> <span class='ocrx_word' id='word_1_38' title='bbox 497 1269 575 1335; x_wconf 90' lang='lat' dir='ltr'><strong>olim</strong></span> <span class='ocrx_word' id='word_1_39' title='bbox 596 1269 739 1353; x_wconf 89' lang='grc' dir='ltr'><strong><em>πρότερον</em></strong></span> <span class='ocrx_word' id='word_1_40' title='bbox 759 1271 965 1363; x_wconf 76' lang='lat' dir='ltr'><strong>vulgabatur.</strong></span> <span class='ocrx_word' id='word_1_41' title='bbox 1007 1270 1089 1337; x_wconf 82' lang='lat' dir='ltr'><strong>Vide</strong></span> <span class='ocrx_word' id='word_1_42' title='bbox 1112 1290 1195 1359; x_wconf 88' lang='lat' dir='ltr'><strong>quae</strong></span> <span class='ocrx_word' id='word_1_43' title='bbox 1212 1267 1253 1334; x_wconf 87' lang='lat' dir='ltr'><strong>ad</strong></span> <span class='ocrx_word' id='word_1_44' title='bbox 1274 1266 1362 1339; x_wconf 87' lang='lat' dir='ltr'><strong>hunc</strong></span> <span class='ocrx_word' id='word_1_45' title='bbox 1381 1265 1491 1331; x_wconf 89' lang='lat' dir='ltr'><strong>locum</strong></span> <span class='ocrx_word' id='word_1_46' title='bbox 1511 1266 1602 1333; x_wconf 79' lang='lat' dir='ltr'><strong>Pou-</strong></span> 
     </span>
     <span class='ocr_line' id='line_1_8' title="bbox 419 1375 924 1443; baseline 0.004 -2"><span class='ocrx_word' id='word_1_47' title='bbox 419 1394 478 1442; x_wconf 71' lang='grc' dir='ltr'><strong>σου</strong></span> <span class='ocrx_word' id='word_1_48' title='bbox 502 1386 534 1441; x_wconf 90' lang='lat' dir='ltr'><strong>et</strong></span> <span class='ocrx_word' id='word_1_49' title='bbox 559 1375 696 1441; x_wconf 76' lang='lat' dir='ltr'><strong>Donum</strong></span> <span class='ocrx_word' id='word_1_50' title='bbox 720 1389 924 1443; x_wconf 75' lang='lat' dir='ltr'><strong>annotarunt.</strong></span> 
     </span>
    </p>

    <p class='ocr_par' dir='ltr' id='par_1_4' title="bbox 418 1476 1598 1672">
     <span class='ocr_line' id='line_1_9' title="bbox 463 1476 1598 1568; baseline -0.001 -23"><span class='ocrx_word' id='word_1_51' title='bbox 463 1479 502 1545; x_wconf 91' lang='lat' dir='ltr'><strong>In</strong></span> <span class='ocrx_word' id='word_1_52' title='bbox 531 1484 600 1566; x_wconf 69' lang='lat' dir='ltr'><strong>§te</strong></span> <span class='ocrx_word' id='word_1_53' title='bbox 633 1481 686 1544; x_wconf 78' lang='grc' dir='ltr'><strong><em>καὶ</em></strong></span> <span class='ocrx_word' id='word_1_54' title='bbox 718 1476 795 1553; x_wconf 80' lang='grc' dir='ltr'><strong><em>όλως</em></strong></span> <span class='ocrx_word' id='word_1_55' title='bbox 821 1480 889 1562; x_wconf 74' lang='grc' dir='ltr'><strong><em>περὶ</em></strong></span> <span class='ocrx_word' id='word_1_56' title='bbox 916 1482 952 1546; x_wconf 85' lang='grc' dir='ltr'><strong>τδ</strong></span> <span class='ocrx_word' id='word_1_57' title='bbox 976 1476 1134 1559; x_wconf 83' lang='grc' dir='ltr'><strong><em>ροειρόκιόν</em></strong></span> <span class='ocrx_word' id='word_1_58' title='bbox 1159 1478 1225 1555; x_wconf 81' lang='grc' dir='ltr'><strong><em>ε’ςι,</em></strong></span> <span class='ocrx_word' id='word_1_59' title='bbox 1258 1476 1317 1567; x_wconf 84' lang='lat' dir='ltr'><strong>qui</strong></span> <span class='ocrx_word' id='word_1_60' title='bbox 1344 1488 1411 1542; x_wconf 89' lang='lat' dir='ltr'><strong>tam</strong></span> <span class='ocrx_word' id='word_1_61' title='bbox 1443 1499 1536 1568; x_wconf 81' lang='lat' dir='ltr'><strong>saepe</strong></span> <span class='ocrx_word' id='word_1_62' title='bbox 1563 1478 1598 1545; x_wconf 90' lang='lat' dir='ltr'><strong>in</strong></span> 
     </span>
     <span class='ocr_line' id='line_1_10' title="bbox 418 1579 1598 1672; baseline -0.001 -22"><span class='ocrx_word' id='word_1_63' title='bbox 418 1584 530 1650; x_wconf 84' lang='lat' dir='ltr'><strong>eadem</strong></span> <span class='ocrx_word' id='word_1_64' title='bbox 551 1584 715 1650; x_wconf 89' lang='lat' dir='ltr'><strong>locutione</strong></span> <span class='ocrx_word' id='word_1_65' title='bbox 731 1599 930 1651; x_wconf 84' lang='lat' dir='ltr'><strong>correxerant</strong></span> <span class='ocrx_word' id='word_1_66' title='bbox 948 1582 1017 1655; x_wconf 82' lang='grc' dir='ltr'><strong><em>όλος</em></strong></span> <span class='ocrx_word' id='word_1_67' title='bbox 1034 1592 1089 1646; x_wconf 89' lang='lat' dir='ltr'><strong>aut</strong></span> <span class='ocrx_word' id='word_1_68' title='bbox 1105 1603 1144 1647; x_wconf 82' lang='lat' dir='ltr'><strong>ex</strong></span> <span class='ocrx_word' id='word_1_69' title='bbox 1159 1579 1260 1651; x_wconf 83' lang='lat' dir='ltr'><strong>codd.</strong></span> <span class='ocrx_word' id='word_1_70' title='bbox 1278 1594 1469 1672; x_wconf 86' lang='lat' dir='ltr'><strong>receperunt</strong></span> <span class='ocrx_word' id='word_1_71' title='bbox 1487 1582 1598 1670; x_wconf 69' lang='lat' dir='ltr'><strong>nepoio</strong></span> 
     </span>
    </p>
   </div>
   <div class='ocr_carea' id='block_1_3' title="bbox 311 1688 1075 1781">
    <p class='ocr_par' dir='ltr' id='par_1_5' title="bbox 311 1688 1075 1781">
     <span class='ocr_line' id='line_1_11' title="bbox 311 1688 1075 1781; baseline -0.004 -25"><span class='ocrx_word' id='word_1_72' title='bbox 311 1720 313 1735; x_wconf 80' lang='lat'><em>=</em></span> <span class='ocrx_word' id='word_1_73' title='bbox 418 1689 584 1781; x_wconf 86' lang='lat' dir='ltr'><strong>quomodo</strong></span> <span class='ocrx_word' id='word_1_74' title='bbox 607 1688 695 1754; x_wconf 88' lang='lat' dir='ltr'><strong>huno</strong></span> <span class='ocrx_word' id='word_1_75' title='bbox 720 1688 829 1754; x_wconf 90' lang='lat' dir='ltr'><strong>locum</strong></span> <span class='ocrx_word' id='word_1_76' title='bbox 855 1690 1075 1779; x_wconf 80' lang='lat' dir='ltr'><strong>neglexerunt.</strong></span> 
     </span>
    </p>
   </div>
   <div class='ocr_carea' id='block_1_4' title="bbox 391 1792 1598 2833">
    <p class='ocr_par' dir='ltr' id='par_1_6' title="bbox 401 1792 1598 2514">
     <span class='ocr_line' id='line_1_12' title="bbox 462 1792 1598 1885; baseline 0 -26"><span class='ocrx_word' id='word_1_77' title='bbox 462 1794 502 1859; x_wconf 91' lang='lat' dir='ltr'><strong>ln</strong></span> <span class='ocrx_word' id='word_1_78' title='bbox 532 1794 667 1885; x_wconf 79' lang='lat' dir='ltr'><strong>Dialogo</strong></span> <span class='ocrx_word' id='word_1_79' title='bbox 698 1798 749 1861; x_wconf 86' lang='lat'><strong>12.</strong></span> <span class='ocrx_word' id='word_1_80' title='bbox 778 1798 795 1880; x_wconf 84' lang='lat'>§</span> <span class='ocrx_word' id='word_1_81' title='bbox 829 1800 855 1863; x_wconf 89' lang='grc'><strong>1.</strong></span> <span class='ocrx_word' id='word_1_82' title='bbox 895 1793 1050 1859; x_wconf 82' lang='grc' dir='ltr'><strong><em>Ἠθοκλέα</em></strong></span> <span class='ocrx_word' id='word_1_83' title='bbox 1085 1814 1151 1858; x_wconf 89' lang='lat' dir='ltr'><strong>nou</strong></span> <span class='ocrx_word' id='word_1_84' title='bbox 1188 1804 1236 1861; x_wconf 85' lang='lat' dir='ltr'><strong>est</strong></span> <span class='ocrx_word' id='word_1_85' title='bbox 1270 1792 1428 1859; x_wconf 85' lang='lat' dir='ltr'><strong>Graecum</strong></span> <span class='ocrx_word' id='word_1_86' title='bbox 1459 1813 1598 1874; x_wconf 87' lang='lat' dir='ltr'><strong>nomeu,</strong></span> 
     </span>
     <span class='ocr_line' id='line_1_13' title="bbox 417 1896 1597 1981; baseline 0.002 -17"><span class='ocrx_word' id='word_1_87' title='bbox 417 1900 520 1965; x_wconf 78' lang='lat' dir='ltr'>scribe</span> <span class='ocrx_word' id='word_1_88' title='bbox 540 1900 702 1966; x_wconf 88' lang='grc' dir='ltr'><strong><em>Πυθοκλέα</em></strong></span> <span class='ocrx_word' id='word_1_89' title='bbox 724 1914 780 1967; x_wconf 91' lang='lat' dir='ltr'><strong>aut</strong></span> <span class='ocrx_word' id='word_1_90' title='bbox 801 1901 959 1967; x_wconf 73' lang='lat' dir='ltr'><strong>Neratiae.</strong></span> <span class='ocrx_word' id='word_1_91' title='bbox 993 1896 1111 1964; x_wconf 85' lang='lat' dir='ltr'><strong>deinde</strong></span> <span class='ocrx_word' id='word_1_92' title='bbox 1130 1899 1272 1971; x_wconf 77' lang='grc' dir='ltr'><strong><em>ἐκέλευες</em></strong></span> <span class='ocrx_word' id='word_1_93' title='bbox 1293 1902 1338 1978; x_wconf 80' lang='grc' dir='ltr'><strong>μή</strong></span> <span class='ocrx_word' id='word_1_94' title='bbox 1362 1898 1402 1964; x_wconf 83' lang='grc' dir='ltr'><strong>όνν</strong></span> <span class='ocrx_word' id='word_1_95' title='bbox 1424 1897 1515 1981; x_wconf 77' lang='grc' dir='ltr'><strong><em>ἄλλῳ</em></strong></span> <span class='ocrx_word' id='word_1_96' title='bbox 1541 1902 1597 1980; x_wconf 80' lang='grc' dir='ltr'><strong><em>ε’ν-</em></strong></span> 
     </span>
     <span class='ocr_line' id='line_1_14' title="bbox 416 2000 1593 2097; baseline -0.002 -24"><span class='ocrx_word' id='word_1_97' title='bbox 416 2006 509 2087; x_wconf 82' lang='grc' dir='ltr'><strong><em>χέαι,</em></strong></span> <span class='ocrx_word' id='word_1_98' title='bbox 543 2006 614 2097; x_wconf 85' lang='lat' dir='ltr'><strong>quis</strong></span> <span class='ocrx_word' id='word_1_99' title='bbox 638 2007 785 2073; x_wconf 82' lang='lat' dir='ltr'><strong>voculam</strong></span> <span class='ocrx_word' id='word_1_100' title='bbox 804 2004 843 2071; x_wconf 81' lang='lat' dir='ltr'><strong>aia</strong></span> <span class='ocrx_word' id='word_1_101' title='bbox 866 2004 984 2071; x_wconf 84' lang='lat' dir='ltr'><strong>serrari</strong></span> <span class='ocrx_word' id='word_1_102' title='bbox 1003 2028 1096 2095; x_wconf 87' lang='lat' dir='ltr'><strong>posse</strong></span> <span class='ocrx_word' id='word_1_103' title='bbox 1116 2004 1236 2094; x_wconf 76' lang='lat' dir='ltr'><strong>putati</strong></span> <span class='ocrx_word' id='word_1_104' title='bbox 1284 2004 1321 2069; x_wconf 90' lang='lat' dir='ltr'><strong>ln</strong></span> <span class='ocrx_word' id='word_1_105' title='bbox 1343 2007 1360 2090; x_wconf 84' lang='lat'>§</span> <span class='ocrx_word' id='word_1_106' title='bbox 1381 2007 1413 2069; x_wconf 90' lang='grc'><strong>2.</strong></span> <span class='ocrx_word' id='word_1_107' title='bbox 1437 2004 1454 2081; x_wconf 83' lang='grc' dir='ltr'>ἢ</span> <span class='ocrx_word' id='word_1_108' title='bbox 1475 2000 1531 2068; x_wconf 74' lang='grc' dir='ltr'><strong>ἕνα</strong></span> <span class='ocrx_word' id='word_1_109' title='bbox 1553 2007 1593 2084; x_wconf 74' lang='grc' dir='ltr'><strong>γε’</strong></span> 
     </span>
     <span class='ocr_line' id='line_1_15' title="bbox 413 2110 1591 2201; baseline 0 -28"><span class='ocrx_word' id='word_1_110' title='bbox 413 2133 486 2174; x_wconf 89' lang='grc' dir='ltr'><strong><em>τινα</em></strong></span> <span class='ocrx_word' id='word_1_111' title='bbox 516 2110 626 2191; x_wconf 92' lang='grc' dir='ltr'><strong><em>τρόπον</em></strong></span> <span class='ocrx_word' id='word_1_112' title='bbox 658 2114 773 2194; x_wconf 86' lang='grc' dir='ltr'><strong><em>εῦρήσοι</em></strong></span> <span class='ocrx_word' id='word_1_113' title='bbox 806 2111 962 2185; x_wconf 85' lang='grc' dir='ltr'><strong><em>θανότου,</em></strong></span> <span class='ocrx_word' id='word_1_114' title='bbox 998 2112 1174 2176; x_wconf 74' lang='lat' dir='ltr'><strong>sententiae</strong></span> <span class='ocrx_word' id='word_1_115' title='bbox 1190 2110 1415 2201; x_wconf 78' lang='lat' dir='ltr'><strong>¹conformatio</strong></span> <span class='ocrx_word' id='word_1_116' title='bbox 1445 2110 1591 2189; x_wconf 75' lang='grc' dir='ltr'><strong><em>εὑροῦσαν</em></strong></span> 
     </span>
     <span class='ocr_line' id='line_1_16' title="bbox 413 2213 1593 2306; baseline -0.003 -27"><span class='ocrx_word' id='word_1_117' title='bbox 413 2215 574 2305; x_wconf 88' lang='lat' dir='ltr'><strong>postulat,</strong></span> <span class='ocrx_word' id='word_1_118' title='bbox 607 2216 723 2283; x_wconf 86' lang='lat' dir='ltr'><strong>deiude</strong></span> <span class='ocrx_word' id='word_1_119' title='bbox 753 2217 839 2282; x_wconf 87' lang='lat' dir='ltr'><strong>male</strong></span> <span class='ocrx_word' id='word_1_120' title='bbox 868 2214 999 2306; x_wconf 81' lang='lat' dir='ltr'><strong>legitur:</strong></span> <span class='ocrx_word' id='word_1_121' title='bbox 1029 2216 1206 2298; x_wconf 72' lang='grc' dir='ltr'><strong>διέφθειρας</strong></span> <span class='ocrx_word' id='word_1_122' title='bbox 1233 2218 1327 2283; x_wconf 76' lang='grc' dir='ltr'><strong><em>αὐτόν</em></strong></span> <span class='ocrx_word' id='word_1_123' title='bbox 1351 2213 1593 2297; x_wconf 74' lang='grc' dir='ltr'><strong><em>ὑπεραγαπῶσα</em></strong></span> 
     </span>
     <span class='ocr_line' id='line_1_17' title="bbox 401 2317 1592 2401; baseline 0.002 -19"><span class='ocrx_word' id='word_1_124' title='bbox 401 2320 466 2393; x_wconf 77' lang='grc' dir='ltr'><strong>Ικαὶ</strong></span> <span class='ocrx_word' id='word_1_125' title='bbox 489 2324 579 2385; x_wconf 85' lang='grc' dir='ltr'><strong><em>τοῦτο</em></strong></span> <span class='ocrx_word' id='word_1_126' title='bbox 601 2320 812 2398; x_wconf 74' lang='grc' dir='ltr'><strong><em>ἐμφαίνουσα.</em></strong></span> <span class='ocrx_word' id='word_1_127' title='bbox 836 2321 931 2400; x_wconf 73' lang='grc' dir='ltr'><strong><em>ἐχρῆν</em></strong></span> <span class='ocrx_word' id='word_1_128' title='bbox 956 2320 987 2384; x_wconf 80' lang='grc' dir='ltr'><strong>δὲ</strong></span> <span class='ocrx_word' id='word_1_129' title='bbox 1013 2323 1057 2398; x_wconf 78' lang='grc' dir='ltr'><strong>μή</strong></span> <span class='ocrx_word' id='word_1_130' title='bbox 1085 2317 1168 2383; x_wconf 83' lang='grc' dir='ltr'><strong><em>πόνυ</em></strong></span> <span class='ocrx_word' id='word_1_131' title='bbox 1188 2320 1283 2383; x_wconf 80' lang='grc' dir='ltr'><strong><em>αὑτὸν</em></strong></span> <span class='ocrx_word' id='word_1_132' title='bbox 1304 2320 1427 2401; x_wconf 77' lang='grc' dir='ltr'><strong><em>ζηλοῦν.</em></strong></span> <span class='ocrx_word' id='word_1_133' title='bbox 1462 2329 1592 2384; x_wconf 80' lang='lat' dir='ltr'><strong>vertunt</strong></span> 
     </span>
     <span class='ocr_line' id='line_1_18' title="bbox 413 2424 1171 2514; baseline -0.005 -25"><span class='ocrx_word' id='word_1_134' title='bbox 413 2425 564 2490; x_wconf 76' lang='lat' dir='ltr'><strong>studiose</strong></span> <span class='ocrx_word' id='word_1_135' title='bbox 585 2426 708 2503; x_wconf 83' lang='lat' dir='ltr'><strong>colere,</strong></span> <span class='ocrx_word' id='word_1_136' title='bbox 732 2424 854 2514; x_wconf 79' lang='lat' dir='ltr'><strong>corrige</strong></span> <span class='ocrx_word' id='word_1_137' title='bbox 878 2425 956 2489; x_wconf 79' lang='grc' dir='ltr'><strong><em>αὐτὸ</em></strong></span> <span class='ocrx_word' id='word_1_138' title='bbox 979 2424 1101 2499; x_wconf 78' lang='grc' dir='ltr'><strong><em>δηλοῦν.</em></strong></span> <span class='ocrx_word' id='word_1_139' title='bbox 1167 2476 1171 2485; x_wconf 94' lang='grc'><strong><em>.</em></strong></span> 
     </span>
    </p>

    <p class='ocr_par' dir='ltr' id='par_1_7' title="bbox 391 2526 1591 2833">
     <span class='ocr_line' id='line_1_19' title="bbox 456 2526 1591 2619; baseline 0.001 -25"><span class='ocrx_word' id='word_1_140' title='bbox 456 2528 496 2595; x_wconf 89' lang='lat' dir='ltr'><strong>In</strong></span> <span class='ocrx_word' id='word_1_141' title='bbox 526 2526 661 2619; x_wconf 81' lang='lat' dir='ltr'><strong>Dialogo</strong></span> <span class='ocrx_word' id='word_1_142' title='bbox 695 2534 745 2599; x_wconf 80' lang='lat'><strong>13.</strong></span> <span class='ocrx_word' id='word_1_143' title='bbox 776 2534 848 2617; x_wconf 57' lang='lat' dir='ltr'><strong>§t</strong></span> <span class='ocrx_word' id='word_1_144' title='bbox 882 2530 1020 2595; x_wconf 79' lang='grc' dir='ltr'><strong><em>ἐκθανεῖν</em></strong></span> <span class='ocrx_word' id='word_1_145' title='bbox 1047 2527 1111 2609; x_wconf 80' lang='grc' dir='ltr'><strong><em>νοέρ</em></strong></span> <span class='ocrx_word' id='word_1_146' title='bbox 1133 2551 1185 2607; x_wconf 84' lang='grc' dir='ltr'><strong><em>ροοι</em></strong></span> <span class='ocrx_word' id='word_1_147' title='bbox 1211 2529 1298 2594; x_wconf 84' lang='grc' dir='ltr'><strong><em>δοκῦ.</em></strong></span> <span class='ocrx_word' id='word_1_148' title='bbox 1348 2527 1591 2595; x_wconf 80' lang='lat' dir='ltr'><strong>Eiusdemmodi</strong></span> 
     </span>
     <span class='ocr_line' id='line_1_20' title="bbox 408 2632 1589 2724; baseline 0.001 -25"><span class='ocrx_word' id='word_1_149' title='bbox 408 2656 497 2700; x_wconf 87' lang='lat' dir='ltr'><strong>error</strong></span> <span class='ocrx_word' id='word_1_150' title='bbox 521 2634 555 2697; x_wconf 90' lang='lat' dir='ltr'><strong>in</strong></span> <span class='ocrx_word' id='word_1_151' title='bbox 572 2636 725 2702; x_wconf 76' lang='lat' dir='ltr'><strong>Stouito</strong></span> <span class='ocrx_word' id='word_1_152' title='bbox 746 2634 932 2701; x_wconf 88' lang='lat' dir='ltr'><strong>commissus</strong></span> <span class='ocrx_word' id='word_1_153' title='bbox 956 2632 1103 2699; x_wconf 88' lang='lat' dir='ltr'><strong>ostendet</strong></span> <span class='ocrx_word' id='word_1_154' title='bbox 1124 2655 1221 2722; x_wconf 90' lang='lat' dir='ltr'><strong>quam</strong></span> <span class='ocrx_word' id='word_1_155' title='bbox 1245 2632 1353 2724; x_wconf 87' lang='lat' dir='ltr'><strong>inepte</strong></span> <span class='ocrx_word' id='word_1_156' title='bbox 1375 2633 1456 2700; x_wconf 91' lang='lat' dir='ltr'><strong>haec</strong></span> <span class='ocrx_word' id='word_1_157' title='bbox 1477 2633 1589 2709; x_wconf 80' lang='lat' dir='ltr'><strong>dican·</strong></span> 
     </span>
     <span class='ocr_line' id='line_1_21' title="bbox 391 2736 1588 2833; baseline 0.003 -29"><span class='ocrx_word' id='word_1_158' title='bbox 391 2750 473 2825; x_wconf 77' lang='lat' dir='ltr'><strong>¹tur.</strong></span> <span class='ocrx_word' id='word_1_159' title='bbox 506 2738 734 2829; x_wconf 74' lang='lat' dir='ltr'><strong>Fragmentum</strong></span> <span class='ocrx_word' id='word_1_160' title='bbox 755 2751 803 2805; x_wconf 91' lang='lat' dir='ltr'><strong>est</strong></span> <span class='ocrx_word' id='word_1_161' title='bbox 823 2739 911 2805; x_wconf 86' lang='lat' dir='ltr'><strong>lectu</strong></span> <span class='ocrx_word' id='word_1_162' title='bbox 928 2736 1197 2804; x_wconf 88' lang='lat' dir='ltr'><strong>iucundissimum</strong></span> <span class='ocrx_word' id='word_1_163' title='bbox 1213 2738 1351 2805; x_wconf 74' lang='lat' dir='ltr'><strong>Teneris</strong></span> <span class='ocrx_word' id='word_1_164' title='bbox 1370 2740 1403 2805; x_wconf 89' lang='lat' dir='ltr'><strong>in</strong></span> <span class='ocrx_word' id='word_1_165' title='bbox 1423 2740 1588 2833; x_wconf 76' lang='lat' dir='ltr'><strong>Florileg.</strong></span> 
     </span>
    </p>
   </div>
   <div class='ocr_carea' id='block_1_5' title="bbox 411 2841 1591 2936">
    <p class='ocr_par' dir='ltr' id='par_1_8' title="bbox 411 2841 1591 2936">
     <span class='ocr_line' id='line_1_22' title="bbox 411 2841 1591 2936; baseline 0.001 -26"><span class='ocrx_word' id='word_1_166' title='bbox 411 2847 471 2922; x_wconf 88' lang='grc'><strong>95,</strong></span> <span class='ocrx_word' id='word_1_167' title='bbox 491 2846 544 2909; x_wconf 86' lang='grc'><strong>21.</strong></span> <span class='ocrx_word' id='word_1_168' title='bbox 569 2842 678 2911; x_wconf 78' lang='lat' dir='ltr'><strong>Gratas</strong></span> <span class='ocrx_word' id='word_1_169' title='bbox 689 2895 699 2925; x_wconf 89' lang='lat'>‚</span> <span class='ocrx_word' id='word_1_170' title='bbox 718 2845 842 2936; x_wconf 89' lang='lat' dir='ltr'><strong>inquit,</strong></span> <span class='ocrx_word' id='word_1_171' title='bbox 862 2844 947 2935; x_wconf 78' lang='lat' dir='ltr'><strong>apud</strong></span> <span class='ocrx_word' id='word_1_172' title='bbox 968 2854 1108 2908; x_wconf 88' lang='lat' dir='ltr'><strong>sutorem</strong></span> <span class='ocrx_word' id='word_1_173' title='bbox 1125 2841 1237 2908; x_wconf 82' lang='lat' dir='ltr'><strong>sedens</strong></span> <span class='ocrx_word' id='word_1_174' title='bbox 1257 2842 1384 2933; x_wconf 83' lang='lat' dir='ltr'><strong>legebat</strong></span> <span class='ocrx_word' id='word_1_175' title='bbox 1409 2847 1591 2913; x_wconf 75' lang='lat' dir='ltr'><strong>Anlstorn-</strong></span> 
     </span>
    </p>
   </div>
   <div class='ocr_carea' id='block_1_6' title="bbox 364 2949 1588 4721">
    <p class='ocr_par' dir='ltr' id='par_1_9' title="bbox 364 2949 1588 3770">
     <span class='ocr_line' id='line_1_23' title="bbox 407 2949 1588 3036; baseline 0.001 -22"><span class='ocrx_word' id='word_1_176' title='bbox 407 2967 459 3014; x_wconf 77' lang='lat' dir='ltr'><strong>ms</strong></span> <span class='ocrx_word' id='word_1_177' title='bbox 487 2950 720 3031; x_wconf 87' lang='grc' dir='ltr'><strong><em>προτρεπτικόν.</em></strong></span> <span class='ocrx_word' id='word_1_178' title='bbox 760 2950 1068 3036; x_wconf 77' lang='grc' dir='ltr'><strong><em>Ἀνανιννθσκοντος</em></strong></span> <span class='ocrx_word' id='word_1_179' title='bbox 1103 2949 1130 3013; x_wconf 91' lang='grc' dir='ltr'><strong>δ’</strong></span> <span class='ocrx_word' id='word_1_180' title='bbox 1164 2949 1261 3013; x_wconf 81' lang='grc' dir='ltr'><strong><em>αὐτοῦ</em></strong></span> <span class='ocrx_word' id='word_1_181' title='bbox 1292 2950 1346 3015; x_wconf 78' lang='grc' dir='ltr'><strong><em>τὸν</em></strong></span> <span class='ocrx_word' id='word_1_182' title='bbox 1374 2953 1495 3017; x_wconf 79' lang='grc' dir='ltr'><strong><em>σκυτέα</em></strong></span> <span class='ocrx_word' id='word_1_183' title='bbox 1525 2950 1588 3034; x_wconf 79' lang='grc' dir='ltr'><strong>ἔφη</strong></span> 
     </span>
     <span class='ocr_line' id='line_1_24' title="bbox 407 3052 1587 3139; baseline 0.002 -20"><span class='ocrx_word' id='word_1_184' title='bbox 407 3053 575 3139; x_wconf 76' lang='grc' dir='ltr'><strong><em>προσέχειν</em></strong></span> <span class='ocrx_word' id='word_1_185' title='bbox 600 3052 672 3133; x_wconf 72' lang='grc' dir='ltr'><strong><em>ἅμα</em></strong></span> <span class='ocrx_word' id='word_1_186' title='bbox 692 3053 853 3135; x_wconf 79' lang='grc' dir='ltr'><strong><em>ρόπτοντα</em></strong></span> <span class='ocrx_word' id='word_1_187' title='bbox 875 3052 929 3117; x_wconf 76' lang='grc' dir='ltr'><strong><em>καὶ</em></strong></span> <span class='ocrx_word' id='word_1_188' title='bbox 952 3054 1004 3117; x_wconf 81' lang='grc' dir='ltr'><strong><em>τὸν</em></strong></span> <span class='ocrx_word' id='word_1_189' title='bbox 1028 3052 1181 3134; x_wconf 82' lang='grc' dir='ltr'><strong><em>Κρότήτα</em></strong></span> <span class='ocrx_word' id='word_1_190' title='bbox 1204 3054 1316 3120; x_wconf 78' lang='grc' dir='ltr'><strong><em>εἰπεῖν·</em></strong></span> <span class='ocrx_word' id='word_1_191' title='bbox 1339 3057 1401 3134; x_wconf 73' lang='grc' dir='ltr'><strong>ἐγώ</strong></span> <span class='ocrx_word' id='word_1_192' title='bbox 1421 3082 1473 3136; x_wconf 82' lang='grc' dir='ltr'><strong>μοι</strong></span> <span class='ocrx_word' id='word_1_193' title='bbox 1494 3058 1587 3133; x_wconf 86' lang='grc' dir='ltr'><strong><em>δοκοῦ,</em></strong></span> 
     </span>
     <span class='ocr_line' id='line_1_25' title="bbox 407 3153 1587 3254; baseline 0.005 -32"><span class='ocrx_word' id='word_1_194' title='bbox 407 3153 429 3222; x_wconf 81' lang='grc' dir='ltr'><em>ὦ</em></span> <span class='ocrx_word' id='word_1_195' title='bbox 453 3158 601 3231; x_wconf 84' lang='grc' dir='ltr'><strong><em>Φιλίσκε,</em></strong></span> <span class='ocrx_word' id='word_1_196' title='bbox 626 3157 763 3239; x_wconf 75' lang='grc' dir='ltr'><strong><em>νρόφειν</em></strong></span> <span class='ocrx_word' id='word_1_197' title='bbox 783 3158 826 3254; x_wconf 79' lang='grc' dir='ltr'><strong>εἰςΙ</strong></span> <span class='ocrx_word' id='word_1_198' title='bbox 849 3157 883 3221; x_wconf 79' lang='grc' dir='ltr'><strong>σὲ</strong></span> <span class='ocrx_word' id='word_1_199' title='bbox 907 3156 1140 3238; x_wconf 81' lang='grc' dir='ltr'><strong><em>προτρεπτικόν.</em></strong></span> <span class='ocrx_word' id='word_1_200' title='bbox 1174 3156 1302 3224; x_wconf 79' lang='lat' dir='ltr'><strong>Dixerat</strong></span> <span class='ocrx_word' id='word_1_201' title='bbox 1320 3160 1587 3253; x_wconf 91' lang='lat' dir='ltr'><strong>philosophorum</strong></span> 
     </span>
     <span class='ocr_line' id='line_1_26' title="bbox 410 3258 1584 3350; baseline 0.006 -25"><span class='ocrx_word' id='word_1_202' title='bbox 410 3258 625 3350; x_wconf 85' lang='lat' dir='ltr'><strong>lepidissimus</strong></span> <span class='ocrx_word' id='word_1_203' title='bbox 653 3260 788 3342; x_wconf 74' lang='grc' dir='ltr'><strong><em>νροθφειν</em></strong></span> <span class='ocrx_word' id='word_1_204' title='bbox 816 3261 888 3341; x_wconf 73' lang='grc' dir='ltr'><strong><em>πρὸς</em></strong></span> <span class='ocrx_word' id='word_1_205' title='bbox 925 3260 979 3335; x_wconf 89' lang='grc' dir='ltr'><strong>σέ,</strong></span> <span class='ocrx_word' id='word_1_206' title='bbox 1008 3272 1041 3326; x_wconf 92' lang='lat' dir='ltr'><strong>et</strong></span> <span class='ocrx_word' id='word_1_207' title='bbox 1072 3261 1240 3329; x_wconf 75' lang='lat' dir='ltr'><strong>Lucltnus</strong></span> <span class='ocrx_word' id='word_1_208' title='bbox 1269 3266 1408 3333; x_wconf 75' lang='grc' dir='ltr'><strong><em>ἐκθανεῖν</em></strong></span> <span class='ocrx_word' id='word_1_209' title='bbox 1438 3268 1501 3346; x_wconf 69' lang='grc' dir='ltr'><strong>γὰρ</strong></span> <span class='ocrx_word' id='word_1_210' title='bbox 1533 3265 1584 3332; x_wconf 81' lang='grc' dir='ltr'><strong><em>ι’έν.</em></strong></span> 
     </span>
     <span class='ocr_line' id='line_1_27' title="bbox 364 3364 1585 3463; baseline 0.005 -33"><span class='ocrx_word' id='word_1_211' title='bbox 364 3414 366 3419; x_wconf 86' lang='grc'>-</span> <span class='ocrx_word' id='word_1_212' title='bbox 408 3364 512 3430; x_wconf 89' lang='lat' dir='ltr'><strong>Paulo</strong></span> <span class='ocrx_word' id='word_1_213' title='bbox 539 3378 611 3456; x_wconf 90' lang='lat' dir='ltr'><strong>post</strong></span> <span class='ocrx_word' id='word_1_214' title='bbox 640 3377 869 3432; x_wconf 83' lang='lat' dir='ltr'><strong>commemorat</strong></span> <span class='ocrx_word' id='word_1_215' title='bbox 889 3366 1074 3443; x_wconf 66' lang='lat' dir='ltr'><strong>flanarellum</strong></span> <span class='ocrx_word' id='word_1_216' title='bbox 1098 3367 1115 3444; x_wconf 86' lang='grc' dir='ltr'><strong><em>ή</em></strong></span> <span class='ocrx_word' id='word_1_217' title='bbox 1139 3369 1322 3444; x_wconf 59' lang='grc' dir='ltr'><strong><em>Δαναΐδαι.</em></strong></span> <span class='ocrx_word' id='word_1_218' title='bbox 1352 3393 1472 3463; x_wconf 86' lang='lat' dir='ltr'><strong>repone</strong></span> <span class='ocrx_word' id='word_1_219' title='bbox 1492 3369 1585 3437; x_wconf 77' lang='lat' dir='ltr'><strong>sodes</strong></span> 
     </span>
     <span class='ocr_line' id='line_1_28' title="bbox 408 3470 1586 3567; baseline 0.007 -35"><span class='ocrx_word' id='word_1_220' title='bbox 408 3470 575 3554; x_wconf 78' lang='grc' dir='ltr'><strong><em>Λήρονόας,</em></strong></span> <span class='ocrx_word' id='word_1_221' title='bbox 597 3482 628 3535; x_wconf 86' lang='lat' dir='ltr'><strong>et</strong></span> <span class='ocrx_word' id='word_1_222' title='bbox 647 3472 680 3535; x_wconf 92' lang='lat' dir='ltr'><strong>in</strong></span> <span class='ocrx_word' id='word_1_223' title='bbox 703 3473 721 3556; x_wconf 85' lang='lat'>§</span> <span class='ocrx_word' id='word_1_224' title='bbox 742 3474 773 3536; x_wconf 88' lang='lat'><strong>6.</strong></span> <span class='ocrx_word' id='word_1_225' title='bbox 795 3478 902 3536; x_wconf 81' lang='grc' dir='ltr'><strong><em>πεῖσον</em></strong></span> <span class='ocrx_word' id='word_1_226' title='bbox 928 3471 1027 3544; x_wconf 84' lang='grc' dir='ltr'><strong><em>αῦτήν</em></strong></span> <span class='ocrx_word' id='word_1_227' title='bbox 1043 3474 1375 3550; x_wconf 64' lang='grc' dir='ltr'><strong><em>συγκαθευδήσουσαν,</em></strong></span> <span class='ocrx_word' id='word_1_228' title='bbox 1400 3476 1514 3567; x_wconf 77' lang='lat' dir='ltr'><strong>supple</strong></span> <span class='ocrx_word' id='word_1_229' title='bbox 1532 3478 1586 3540; x_wconf 88' lang='grc' dir='ltr'><strong><em>ε’λ-</em></strong></span> 
     </span>
     <span class='ocr_line' id='line_1_29' title="bbox 407 3574 1584 3672; baseline 0.006 -33"><span class='ocrx_word' id='word_1_230' title='bbox 407 3577 469 3641; x_wconf 83' lang='grc' dir='ltr'><strong><em>θεῖν</em></strong></span> <span class='ocrx_word' id='word_1_231' title='bbox 493 3578 827 3653; x_wconf 75' lang='grc' dir='ltr'><strong><em>συγκαθευδήσουσαν,</em></strong></span> <span class='ocrx_word' id='word_1_232' title='bbox 854 3574 914 3641; x_wconf 85' lang='lat' dir='ltr'><strong>nisi</strong></span> <span class='ocrx_word' id='word_1_233' title='bbox 936 3574 1036 3640; x_wconf 79' lang='lat' dir='ltr'><strong>maleo</strong></span> <span class='ocrx_word' id='word_1_234' title='bbox 1056 3577 1185 3643; x_wconf 84' lang='lat' dir='ltr'><strong>eredere</strong></span> <span class='ocrx_word' id='word_1_235' title='bbox 1204 3577 1296 3642; x_wconf 76' lang='grc' dir='ltr'><strong><em>πείθοι</em></strong></span> <span class='ocrx_word' id='word_1_236' title='bbox 1317 3602 1354 3643; x_wconf 93' lang='grc' dir='ltr'><strong><em>σε</em></strong></span> <span class='ocrx_word' id='word_1_237' title='bbox 1378 3581 1505 3661; x_wconf 87' lang='grc' dir='ltr'><strong><em>ε’ροῦντα</em></strong></span> <span class='ocrx_word' id='word_1_238' title='bbox 1525 3603 1584 3672; x_wconf 90' lang='lat' dir='ltr'><strong>pro</strong></span> 
     </span>
     <span class='ocr_line' id='line_1_30' title="bbox 404 3679 1171 3770; baseline 0.001 -25"><span class='ocrx_word' id='word_1_239' title='bbox 404 3679 511 3757; x_wconf 72' lang='grc' dir='ltr'><strong><em>λέγειν</em></strong></span> <span class='ocrx_word' id='word_1_240' title='bbox 532 3681 581 3745; x_wconf 85' lang='lat' dir='ltr'><strong>rel</strong></span> <span class='ocrx_word' id='word_1_241' title='bbox 603 3684 701 3747; x_wconf 78' lang='grc' dir='ltr'><strong><em>εἰπεῖν</em></strong></span> <span class='ocrx_word' id='word_1_242' title='bbox 725 3682 844 3749; x_wconf 84' lang='lat' dir='ltr'><strong>Graece</strong></span> <span class='ocrx_word' id='word_1_243' title='bbox 864 3680 928 3746; x_wconf 85' lang='lat' dir='ltr'><strong>dici</strong></span> <span class='ocrx_word' id='word_1_244' title='bbox 948 3704 1052 3770; x_wconf 84' lang='lat' dir='ltr'><strong>posse.</strong></span> <span class='ocrx_word' id='word_1_245' title='bbox 1166 3709 1171 3715; x_wconf 93' lang='lat'>·</span> 
     </span>
    </p>

    <p class='ocr_par' dir='ltr' id='par_1_10' title="bbox 402 3782 1584 4721">
     <span class='ocr_line' id='line_1_31' title="bbox 450 3782 1581 3875; baseline 0.009 -27"><span class='ocrx_word' id='word_1_246' title='bbox 450 3782 489 3848; x_wconf 91' lang='lat' dir='ltr'><strong>In</strong></span> <span class='ocrx_word' id='word_1_247' title='bbox 510 3784 622 3850; x_wconf 86' lang='lat' dir='ltr'><strong>libello</strong></span> <span class='ocrx_word' id='word_1_248' title='bbox 643 3786 685 3851; x_wconf 83' lang='lat' dir='ltr'><strong>de</strong></span> <span class='ocrx_word' id='word_1_249' title='bbox 704 3795 809 3854; x_wconf 84' lang='lat' dir='ltr'><strong>morte</strong></span> <span class='ocrx_word' id='word_1_250' title='bbox 827 3788 1013 3875; x_wconf 79' lang='lat' dir='ltr'><strong>Peregrini</strong></span> <span class='ocrx_word' id='word_1_251' title='bbox 1030 3788 1084 3853; x_wconf 87' lang='grc'><strong>68.</strong></span> <span class='ocrx_word' id='word_1_252' title='bbox 1106 3789 1124 3872; x_wconf 86' lang='lat'>§</span> <span class='ocrx_word' id='word_1_253' title='bbox 1147 3791 1178 3852; x_wconf 89' lang='lat'><strong>9.</strong></span> <span class='ocrx_word' id='word_1_254' title='bbox 1200 3786 1372 3856; x_wconf 87' lang='lat' dir='ltr'><strong>barbarum</strong></span> <span class='ocrx_word' id='word_1_255' title='bbox 1395 3803 1444 3856; x_wconf 84' lang='lat' dir='ltr'><strong>est</strong></span> <span class='ocrx_word' id='word_1_256' title='bbox 1463 3791 1581 3872; x_wconf 82' lang='grc' dir='ltr'><strong><em>οὶλόροε·</em></strong></span> 
     </span>
     <span class='ocr_line' id='line_1_32' title="bbox 405 3890 1584 3981; baseline 0.006 -27"><span class='ocrx_word' id='word_1_257' title='bbox 405 3914 452 3961; x_wconf 80' lang='grc' dir='ltr'><strong><em>νος</em></strong></span> <span class='ocrx_word' id='word_1_258' title='bbox 473 3913 533 3979; x_wconf 92' lang='lat' dir='ltr'><strong>pro</strong></span> <span class='ocrx_word' id='word_1_259' title='bbox 554 3890 725 3969; x_wconf 79' lang='grc' dir='ltr'><strong><em>οὶλοθραενος.</em></strong></span> <span class='ocrx_word' id='word_1_260' title='bbox 776 3890 943 3969; x_wconf 87' lang='lat' dir='ltr'><strong>Graeculi,</strong></span> <span class='ocrx_word' id='word_1_261' title='bbox 974 3890 1117 3980; x_wconf 83' lang='lat' dir='ltr'><strong>quitum</strong></span> <span class='ocrx_word' id='word_1_262' title='bbox 1137 3891 1344 3981; x_wconf 85' lang='lat' dir='ltr'><strong>pertinaciter</strong></span> <span class='ocrx_word' id='word_1_263' title='bbox 1362 3896 1523 3979; x_wconf 81' lang='grc' dir='ltr'><strong><em>όφεόλατο</em></strong></span> <span class='ocrx_word' id='word_1_264' title='bbox 1551 3908 1584 3961; x_wconf 90' lang='lat' dir='ltr'><strong>et</strong></span> 
     </span>
     <span class='ocr_line' id='line_1_33' title="bbox 403 3986 1582 4083; baseline 0.009 -26"><span class='ocrx_word' id='word_1_265' title='bbox 403 3991 513 4073; x_wconf 83' lang='grc' dir='ltr'><strong><em>εθρατο</em></strong></span> <span class='ocrx_word' id='word_1_266' title='bbox 545 3986 706 4061; x_wconf 80' lang='lat' dir='ltr'><strong>veteribus</strong></span> <span class='ocrx_word' id='word_1_267' title='bbox 736 3994 915 4062; x_wconf 89' lang='lat' dir='ltr'><strong>obtrudunt</strong></span> <span class='ocrx_word' id='word_1_268' title='bbox 944 4016 1004 4083; x_wconf 85' lang='lat' dir='ltr'><strong>pro</strong></span> <span class='ocrx_word' id='word_1_269' title='bbox 1033 3996 1188 4079; x_wconf 72' lang='grc' dir='ltr'><strong><em>ἀφείλετο</em></strong></span> <span class='ocrx_word' id='word_1_270' title='bbox 1218 4011 1250 4063; x_wconf 88' lang='lat' dir='ltr'><strong>et</strong></span> <span class='ocrx_word' id='word_1_271' title='bbox 1274 3998 1395 4082; x_wconf 81' lang='grc' dir='ltr'><strong><em>εὕρετο,</em></strong></span> <span class='ocrx_word' id='word_1_272' title='bbox 1423 4007 1582 4069; x_wconf 82' lang='lat' dir='ltr'><strong>contrario</strong></span> 
     </span>
     <span class='ocr_line' id='line_1_34' title="bbox 403 4099 1580 4198; baseline 0.009 -35"><span class='ocrx_word' id='word_1_273' title='bbox 403 4119 509 4163; x_wconf 86' lang='lat' dir='ltr'><strong>errore</strong></span> <span class='ocrx_word' id='word_1_274' title='bbox 530 4100 682 4165; x_wconf 86' lang='lat' dir='ltr'><strong>aoristum</strong></span> <span class='ocrx_word' id='word_1_275' title='bbox 704 4099 830 4177; x_wconf 79' lang='grc' dir='ltr'><strong><em>ήλοέμκν</em></strong></span> <span class='ocrx_word' id='word_1_276' title='bbox 849 4100 882 4163; x_wconf 90' lang='lat' dir='ltr'><strong>in</strong></span> <span class='ocrx_word' id='word_1_277' title='bbox 904 4099 1075 4165; x_wconf 84' lang='lat' dir='ltr'><strong>barbarum</strong></span> <span class='ocrx_word' id='word_1_278' title='bbox 1097 4100 1217 4180; x_wconf 81' lang='grc' dir='ltr'><strong><em>ήλόακν</em></strong></span> <span class='ocrx_word' id='word_1_279' title='bbox 1239 4103 1343 4169; x_wconf 83' lang='lat' dir='ltr'><strong>solent</strong></span> <span class='ocrx_word' id='word_1_280' title='bbox 1363 4128 1580 4198; x_wconf 86' lang='lat' dir='ltr'><strong>corrumpere.</strong></span> 
     </span>
     <span class='ocr_line' id='line_1_35' title="bbox 404 4201 1580 4301; baseline 0.005 -32"><span class='ocrx_word' id='word_1_281' title='bbox 404 4201 458 4269; x_wconf 90' lang='lat' dir='ltr'><strong>Sic</strong></span> <span class='ocrx_word' id='word_1_282' title='bbox 483 4207 539 4282; x_wconf 89' lang='grc'><strong>10,</strong></span> <span class='ocrx_word' id='word_1_283' title='bbox 562 4209 623 4285; x_wconf 80' lang='grc'><strong>14,</strong></span> <span class='ocrx_word' id='word_1_284' title='bbox 647 4212 676 4271; x_wconf 87' lang='lat'><strong>5.</strong></span> <span class='ocrx_word' id='word_1_285' title='bbox 708 4206 901 4271; x_wconf 82' lang='grc' dir='ltr'><strong><em>καθαλέσθαι</em></strong></span> <span class='ocrx_word' id='word_1_286' title='bbox 923 4206 1050 4297; x_wconf 83' lang='lat' dir='ltr'><strong>irrepsit</strong></span> <span class='ocrx_word' id='word_1_287' title='bbox 1073 4218 1106 4272; x_wconf 89' lang='lat' dir='ltr'><strong>et</strong></span> <span class='ocrx_word' id='word_1_288' title='bbox 1127 4206 1196 4274; x_wconf 88' lang='lat' dir='ltr'><strong>aliis</strong></span> <span class='ocrx_word' id='word_1_289' title='bbox 1218 4210 1312 4290; x_wconf 77' lang='lat' dir='ltr'><strong>locis,</strong></span> <span class='ocrx_word' id='word_1_290' title='bbox 1336 4211 1454 4301; x_wconf 84' lang='lat' dir='ltr'><strong>quibus</strong></span> <span class='ocrx_word' id='word_1_291' title='bbox 1485 4212 1580 4276; x_wconf 87' lang='lat' dir='ltr'><strong>dece·</strong></span> 
     </span>
     <span class='ocr_line' id='line_1_36' title="bbox 402 4311 1577 4402; baseline 0.005 -29"><span class='ocrx_word' id='word_1_292' title='bbox 402 4320 478 4400; x_wconf 83' lang='lat' dir='ltr'><strong>ptus</strong></span> <span class='ocrx_word' id='word_1_293' title='bbox 508 4311 648 4377; x_wconf 76' lang='lat' dir='ltr'><strong>Bentian</strong></span> <span class='ocrx_word' id='word_1_294' title='bbox 680 4316 738 4391; x_wconf 87' lang='grc'><strong>18,</strong></span> <span class='ocrx_word' id='word_1_295' title='bbox 760 4315 789 4377; x_wconf 84' lang='grc'><strong>4.</strong></span> <span class='ocrx_word' id='word_1_296' title='bbox 816 4334 876 4402; x_wconf 91' lang='lat' dir='ltr'><strong>pro</strong></span> <span class='ocrx_word' id='word_1_297' title='bbox 907 4313 1083 4392; x_wconf 68' lang='grc' dir='ltr'><strong><em>ἁλλόμενος</em></strong></span> <span class='ocrx_word' id='word_1_298' title='bbox 1113 4313 1154 4379; x_wconf 88' lang='lat' dir='ltr'><strong>de</strong></span> <span class='ocrx_word' id='word_1_299' title='bbox 1180 4339 1239 4381; x_wconf 90' lang='lat' dir='ltr'><strong>suo</strong></span> <span class='ocrx_word' id='word_1_300' title='bbox 1267 4316 1420 4394; x_wconf 73' lang='grc' dir='ltr'><strong><em>ἁλόμενος</em></strong></span> <span class='ocrx_word' id='word_1_301' title='bbox 1451 4315 1577 4382; x_wconf 76' lang='lat' dir='ltr'><strong>intexit.</strong></span> 
     </span>
     <span class='ocr_line' id='line_1_37' title="bbox 402 4414 1579 4509; baseline 0.005 -30"><span class='ocrx_word' id='word_1_302' title='bbox 402 4414 480 4501; x_wconf 80' lang='lat' dir='ltr'><strong>ln§</strong></span> <span class='ocrx_word' id='word_1_303' title='bbox 506 4421 546 4481; x_wconf 91' lang='lat'><strong>10</strong></span> <span class='ocrx_word' id='word_1_304' title='bbox 574 4417 792 4483; x_wconf 89' lang='lat' dir='ltr'><strong>nobilissimus</strong></span> <span class='ocrx_word' id='word_1_305' title='bbox 822 4418 913 4482; x_wconf 89' lang='lat' dir='ltr'><strong>locus</strong></span> <span class='ocrx_word' id='word_1_306' title='bbox 941 4417 981 4483; x_wconf 89' lang='lat' dir='ltr'><strong>de</strong></span> <span class='ocrx_word' id='word_1_307' title='bbox 1014 4418 1185 4509; x_wconf 74' lang='lat' dir='ltr'><strong>Peregrin&#39;o</strong></span> <span class='ocrx_word' id='word_1_308' title='bbox 1207 4420 1459 4488; x_wconf 75' lang='lat' dir='ltr'><strong>Christianorum</strong></span> <span class='ocrx_word' id='word_1_309' title='bbox 1481 4420 1579 4485; x_wconf 76' lang='lat' dir='ltr'><strong>sacris</strong></span> 
     </span>
     <span class='ocr_line' id='line_1_38' title="bbox 402 4521 1579 4617; baseline 0.008 -34"><span class='ocrx_word' id='word_1_310' title='bbox 402 4521 528 4589; x_wconf 90' lang='lat' dir='ltr'><strong>initiato</strong></span> <span class='ocrx_word' id='word_1_311' title='bbox 545 4523 751 4591; x_wconf 76' lang='lat' dir='ltr'><strong>vehementer</strong></span> <span class='ocrx_word' id='word_1_312' title='bbox 768 4523 892 4590; x_wconf 88' lang='lat' dir='ltr'><strong>laborat</strong></span> <span class='ocrx_word' id='word_1_313' title='bbox 908 4537 939 4590; x_wconf 88' lang='lat' dir='ltr'><strong>et</strong></span> <span class='ocrx_word' id='word_1_314' title='bbox 957 4523 1130 4594; x_wconf 89' lang='lat' dir='ltr'><strong>ridendum</strong></span> <span class='ocrx_word' id='word_1_315' title='bbox 1151 4550 1192 4593; x_wconf 85' lang='lat' dir='ltr'><strong>au</strong></span> <span class='ocrx_word' id='word_1_316' title='bbox 1210 4527 1335 4595; x_wconf 86' lang='lat' dir='ltr'><strong>restitui</strong></span> <span class='ocrx_word' id='word_1_317' title='bbox 1351 4527 1461 4617; x_wconf 78' lang='lat' dir='ltr'><strong>possit.</strong></span> <span class='ocrx_word' id='word_1_318' title='bbox 1487 4526 1579 4593; x_wconf 88' lang='lat' dir='ltr'><strong>Post-</strong></span> 
     </span>
     <span class='ocr_line' id='line_1_39' title="bbox 403 4628 1579 4721; baseline 0.009 -31"><span class='ocrx_word' id='word_1_319' title='bbox 403 4648 517 4714; x_wconf 90' lang='lat' dir='ltr'><strong>quam,</strong></span> <span class='ocrx_word' id='word_1_320' title='bbox 546 4630 670 4721; x_wconf 89' lang='lat' dir='ltr'><strong>inquit,</strong></span> <span class='ocrx_word' id='word_1_321' title='bbox 699 4628 900 4699; x_wconf 83' lang='lat' dir='ltr'><strong>Christianus</strong></span> <span class='ocrx_word' id='word_1_322' title='bbox 922 4630 1027 4699; x_wconf 77' lang='lat' dir='ltr'><strong>factus</strong></span> <span class='ocrx_word' id='word_1_323' title='bbox 1048 4644 1101 4700; x_wconf 85' lang='lat' dir='ltr'><strong>est</strong></span> <span class='ocrx_word' id='word_1_324' title='bbox 1117 4634 1150 4698; x_wconf 81' lang='grc' dir='ltr'><strong><em>ἐν</em></strong></span> <span class='ocrx_word' id='word_1_325' title='bbox 1172 4634 1296 4716; x_wconf 79' lang='grc' dir='ltr'><strong><em>βραχεῖ</em></strong></span> <span class='ocrx_word' id='word_1_326' title='bbox 1309 4633 1438 4708; x_wconf 79' lang='grc' dir='ltr'><strong><em>παῖδας</em></strong></span> <span class='ocrx_word' id='word_1_327' title='bbox 1451 4634 1579 4708; x_wconf 50' lang='grc' dir='ltr'><strong><em>,αὐτοὺς</em></strong></span> 
     </span>
    </p>
   </div>
   <div class='ocr_carea' id='block_1_7' title="bbox 0 0 1888 5717">
    <p class='ocr_par' dir='ltr' id='par_1_11' title="bbox 0 0 1888 5717">
     <span class='ocr_line' id='line_1_40' title="bbox 0 0 1888 5717; baseline 0 8"><span class='ocrx_word' id='word_1_328' title='bbox 0 0 1888 5717; x_wconf 95' lang='lat' dir='ltr'><strong> </strong></span> 
     </span>
    </p>
   </div>
  </div>
 </body>
</html>
