3767 5717
978 633 1024 723 er

411 812 657 895 μμνσενσῶμενο
686 806 843 877 dicebant.
892 810 950 879 lu.
978 816 1029 877 10.
1056 816 1097 888 5,
1132 808 1384 894 προχειρίσασθαι
1420 808 1591 895 spernite,

412 919 449 987 id
463 918 560 985 Attici
578 918 726 999 atteretur
748 915 871 982 dicunt.
919 916 1005 997 Qum
1029 924 1258 983 commemorat
1277 916 1458 984 Acerranos.
1492 917 1517 983 i.
1536 924 1597 996 11,

412 1030 557 1106 μνςῆρος
583 1020 754 1088 Atticarum
777 1020 844 1107 ipse
873 1021 1021 1089 alicunde
1052 1041 1090 1087 ex
1115 1020 1204 1087 ieaie-
1235 1024 1382 1109 arripuit.
1431 1021 1599 1087 Atdem'ea·

412 1130 499 1195 sides
522 1128 660 1211 ζνσνσννί.
677 1134 791 1203 erant,
814 1126 870 1193 sed
893 1128 926 1192 in
952 1144 986 1194 re
1008 1126 1236 1193 diversissima.
1285 1128 1376 1209 Quod
1400 1119 1480 1193 dicit
1505 1127 1528 1193 Ι.
1544 1130 1598 1192 aa.

413 1238 455 1311 5,
479 1235 612 1315 ἤρχετο,
641 1238 678 1305 οἱ,
699 1232 732 1295 in
760 1230 941 1317 fragmento
966 1236 1006 1310 6,
1031 1235 1241 1314 ποορήρχονσο,
1265 1232 1450 1299 nesciebant
1475 1240 1598 1298 valeres

411 1338 556 1422 Magistri
576 1336 715 1418 ἠρχόμην
736 1356 799 1401 uon
819 1356 889 1403 esse
910 1338 942 1401 in
960 1356 1039 1417 usu,
1061 1338 1116 1403 sad
1137 1336 1178 1420 ἦν
1199 1338 1318 1423 ubique
1339 1338 1370 1402 in
1396 1339 1466 1403 eius
1491 1336 1596 1403 iocum

412 1442 546 1512 subire..
577 1441 669 1528 apud
699 1462 803 1507 emeres
826 1451 949 1509 veteres
970 1443 1109 1525 ἠρχόμην
1144 1452 1192 1509 est
1220 1443 1425 1527 incipiebam
1449 1451 1480 1509 et
1513 1441 1597 1528 apud

412 1547 615 1615 Athenienses
649 1546 777 1632 quidem
811 1555 938 1633 praeter
966 1550 1070 1633 ipsum
1103 1548 1235 1629 ἔρχομαι
1261 1547 1340 1613 niirii
1372 1546 1405 1613 in
1438 1568 1499 1613 usu
1527 1557 1598 1621 est,

411 1673 572 1738 nusquam
590 1651 734 1733 ἔρχεσθον
765 1661 821 1716 aut
845 1652 1008 1733 ἕρχὸμενορ
1028 1653 1147 1737 legitur
1168 1652 1223 1718 sed
1248 1652 1323 1719 Ξένον
1347 1661 1379 1717 ei
1401 1654 1460 1719 ἰών.
1509 1652 1601 1735 Quod

412 1759 468 1844 qui
494 1758 619 1843 primus
641 1756 722 1822 vidit
745 1764 778 1821 et
802 1755 1031 1823 demonstravit
1055 1758 1225 1823 dussimus
1252 1756 1291 1822 ad
1316 1758 1469 1823 Eumrmrs
1501 1757 1599 1823 Hera·

412 1864 520 1931 elidar·
542 1883 587 1928 vs.
610 1866 690 1939 att),
714 1862 909 1947 paucissima
934 1870 1061 1928 tantum
1088 1864 1179 1931 rrubis
1204 1862 1333 1949 reliquit
1363 1863 1454 1948 paulo
1485 1863 1600 1929 melius

413 1967 649 2038 constituenda.
698 1967 796 2032 Mirer
818 1966 922 2033 virum
945 1969 1169 2035 acutissimum
1192 1968 1223 2035 ic
1243 1968 1416 2033 'saucietur
1441 1968 1524 2035 ierre
1548 1990 1600 2055 po·

414 2073 517 2144 tuisse
535 2072 615 2139 duos
639 2072 840 2141 soloecismos
859 2082 926 2139 tam
953 2074 1099 2160 putidae,
1124 2073 1234 2160 quales
1257 2073 1410 2159 leguntur
1439 2074 1492 2142 IV.
1516 2079 1600 2154 litu,

415 2180 483 2261 περὶ
512 2180 543 2243 δὲ
571 2178 630 2252 τοὶς
663 2180 778 2262 ἡμέρας
806 2180 951 2256 τούτοις,
986 2174 1035 2252 οἷς
1064 2181 1255 2261 ἕσήρχονσο,
1290 2180 1406 2255 Σκιώνη
1437 2180 1539 2257 sirice
1570 2182 1600 2245 ct

413 2282 467 2349 lV.
493 2288 574 2359 iil,
605 2285 667 2367 idiqe
688 2285 714 2348 δ’
738 2285 944 2350 testatores
970 2284 1022 2351 uei
1054 2288 1261 2366 προσήρχοντο
1284 2283 1383 2367 ὥσπερ
1406 2287 1544 2368 editura,
1569 2286 1601 2348 irr

415 2388 476 2455 hoe
513 2388 580 2453 loeo
614 2409 689 2455 vera
717 2391 879 2475 scriptura
904 2392 1015 2475 reponi
1045 2398 1168 2475 poterat
1197 2410 1235 2455 ex
1264 2391 1398 2455 Pcuuuee
1434 2393 1493 2457 ut.
1519 2392 1598 2465 lau,

415 2500 554 2577 Ξενοφῶν
578 2494 641 2575 γὰρ
676 2494 812 2577 εἴρηκεν·
839 2494 987 2560 ἕσοιονίονν
1012 2519 1047 2559 σε
1077 2495 1128 2558 aeti
1149 2498 1320 2577 προσῄεσαν
1341 2494 1438 2578 ὥσπερ
1462 2498 1599 2577 diiuncti,

416 2618 525 2687 errore
549 2600 772 2665 eroraomca
800 2620 858 2685 pre
888 2600 1062 2665 Teucrume
1092 2600 1257 2676 nominat,
1282 2620 1376 2685 quem
1397 2601 1485 2686 turpi
1501 2599 1599 2665 scioe-

418 2704 519 2773 cisme
547 2704 673 2770 liberat.
722 2706 839 2772 Videor
868 2704 949 2771 mihi
976 2705 1175 2790 perspexisse
1196 2704 1281 2770 unde
1309 2706 1470 2771 invectum
1506 2703 1600 2769 inerit

416 2810 544 2875 vitium.
599 2808 708 2895 Neque
742 2811 935 2877 'faceremus
969 2830 1073 2895 neque
1108 2810 1342 2874 Atheniensium
1383 2810 1602 2895 antiquiorum

418 2916 710 3002 quisquamqieear
733 2925 790 2981 aut
820 2918 992 2997 mpeeqiseev
1021 2923 1076 2979 aut
1100 2918 1243 2997 οὶνσρεσοον
1271 2922 1327 2981 aut
1350 2917 1510 2997 σοορῄεοοιν
1535 2934 1602 2978 um·

418 3040 515 3106 quam
540 3018 640 3095 dixit,
676 3019 947 3103 quemadmodum
972 3040 1074 3105 neque
1097 3022 1200 3103 ᾔενμεν
1236 3027 1291 3086 aut
1324 3020 1404 3103 ρενσε
1440 3016 1603 3095 dicebaut,

419 3124 476 3192 sed
500 3131 685 3213 constanter
709 3144 820 3191 omrres
849 3123 946 3207 ᾖμεν,
977 3122 1032 3209 ᾖσε
1060 3133 1091 3191 ct
1115 3124 1203 3209 ᾖσσον.
1250 3128 1290 3193 ut
1314 3124 1351 3193 de
1376 3123 1452 3209 ρμεν
1473 3122 1603 3209 quidem

418 3225 647 3312 altiverique
678 3229 807 3294 tandem
839 3230 924 3295 inter
953 3230 1100 3297 Editcres
1133 3240 1165 3299 ct
1195 3232 1330 3299 Critieos
1363 3230 1443 3295 satis
1477 3227 1605 3294 videtur

420 3342 586 3410 constare,
619 3341 652 3399 et
684 3334 796 3399 inritis
824 3335 988 3404 codicibus
1005 3345 1134 3403 tantum
1166 3358 1228 3403 non
1264 3336 1412 3403 omnihus
1444 3344 1602 3418 κοτρμεν,

407 3447 601 3526 leporium,
624 3440 774 3531 ἀπῇμεν,
803 3440 914 3524 ἐξῇτε,
945 3444 1049 3526 eierare
1074 3452 1105 3509 ei
1134 3441 1252 3509 similia
1276 3444 1395 3528 passim
1419 3441 1530 3507 Atticis
1556 3459 1604 3505 re·

420 3544 513 3609 stitui
536 3552 648 3630 coepta
670 3553 755 3611 suot.
804 3546 857 3613 Sic
874 3547 1035 3615 Berraum
1056 3550 1090 3616 iu
1115 3550 1269 3615 Berressa.
1291 3547 1456 3613 decorae.
1479 3568 1507 3633 p.
1523 3550 1604 3622 506,

423 3654 475 3713 11.
505 3649 558 3714 sai
590 3649 678 3716 τοῦθ’
713 3651 786 3733 ὑπὲρ
816 3659 875 3723 τῶν
909 3654 1022 3735 ἐχθρῶν
1056 3648 1188 3737 derisere
1216 3652 1457 3732 βεβουλευμένον
1495 3659 1606 3717 contra

419 3753 519 3823 libres
543 3774 654 3822 omnes
676 3758 796 3843 optime
818 3757 906 3825 dedit
924 3761 1041 3843 νὶσρσε.
1076 3758 1155 3826 ibid.
1174 3780 1203 3847 p.
1230 3762 1314 3837 546,
1341 3764 1392 3825 16.
1417 3748 1624 3841 σνροσῄειμενῖ

420 3869 460 3943 σῇ
491 3861 609 3944 βουλῇ,
641 3882 727 3928 unus
756 3861 855 3941 iiber,
886 3862 1053 3929 Parisinus
1077 3865 1116 3941 S,
1149 3864 1205 3949 qui
1235 3865 1337 3929 instar
1366 3865 1512 3931 omuium
1536 3870 1606 3937 est,

422 3976 577 4048 προσῇμεν
605 3965 760 4031 exhibuit
819 3969 993 4053 Utriusque
1020 3968 1167 4035 lectionis
1196 3969 1314 4033 vindex
1345 3978 1394 4037 cst
1417 3968 1608 4036 Gramtrrati·

424 4090 490 4146 cus·
505 4070 658 4155 antiquus
680 4092 717 4137 ex
751 4072 859 4139 codice
885 4072 1031 4137 Vossieeo
1055 4072 1236 4157 descriptus
1260 4075 1292 4139 in
1316 4076 1477 4141 Gmsrorm
1509 4092 1606 4139 anuo·

423 4174 546 4239 tatione
568 4175 608 4241 ad
629 4176 828 4243 dirrutum-M.
853 4181 993 4263 reddi,
1020 4172 1075 4245 3¹9.
1135 4177 1170 4243 ln
1196 4176 1294 4260 ᾖσσον,
1322 4187 1623 4263 arcamariani-1

422 4304 502 4353 σον,
526 4282 653 4365 ἀπῇσαν
677 4291 708 4347 et
726 4283 863 4347 caeteris
884 4282 1212 4367 compositis‚nesci0
1236 4285 1392 4371 quomedo
1417 4282 1512 4347 iidem
1538 4300 1622 4367 per-1

422 4384 574 4452 tinaeiter
593 4395 774 4473 repugnant
797 4406 901 4472 neque
921 4386 1097 4473 quidquam
1125 4402 1293 4455 irrorantur
1325 4394 1491 4475 poetarum
1518 4384 1608 4450 testi·

414 4492 554 4574 >tuccia,
582 4492 875 4557 Grammaticorum
906 4494 1131 4561 auctoritatem
1162 4504 1194 4561 et
1225 4491 1370 4563 codicum
1407 4491 1607 4576 scripturas,

423 4596 540 4681 quihus
558 4596 708 4664 omnibus
735 4597 858 4676 aceedit
878 4598 1041 4685 analogiae
1065 4601 1271 4681 σσνθνννὶμνν.
1321 4600 1517 4665 Putemusue
1538 4597 1623 4663 tar-r

421 4722 595 4783 srorurusu
617 4722 717 4789 quum
742 4704 896 4771 scriberet
913 4706 948 4773 iu
971 4704 1080 4795 aquit.
1106 4708 1191 4773 605:
1613 4691 1616 4699 ⁸
