<?xml version="1.0" encoding="UTF-8"?>
<!DOCTYPE html PUBLIC "-//W3C//DTD XHTML 1.0 Transitional//EN"
    "http://www.w3.org/TR/xhtml1/DTD/xhtml1-transitional.dtd">
<html xmlns="http://www.w3.org/1999/xhtml" xml:lang="en" lang="en">
 <head>
  <title>
</title>
<meta http-equiv="Content-Type" content="text/html;charset=utf-8" />
  <meta name='ocr-system' content='tesseract 3.04.00' />
  <meta name='ocr-capabilities' content='ocr_page ocr_carea ocr_par ocr_line ocrx_word'/>
</head>
<body>
  <div class='ocr_page' id='page_1' title='image "./variaelectiones02cobegoog_0387.png"; bbox 0 0 3767 5717; ppageno 0'>
   <div class='ocr_carea' id='block_1_1' title="bbox 869 601 933 665">
    <p class='ocr_par' dir='ltr' id='par_1_1' title="bbox 869 601 933 665">
     <span class='ocr_line' id='line_1_1' title="bbox 869 601 933 665; baseline 0 -1"><span class='ocrx_word' id='word_1_1' title='bbox 869 601 933 665; x_wconf 82' lang='lat'><strong>375</strong></span> 
     </span>
    </p>
   </div>
   <div class='ocr_carea' id='block_1_2' title="bbox 215 773 1584 4796">
    <p class='ocr_par' dir='ltr' id='par_1_2' title="bbox 215 773 1584 2877">
     <span class='ocr_line' id='line_1_2' title="bbox 307 773 1584 885; baseline 0.002 -23"><span class='ocrx_word' id='word_1_2' title='bbox 307 795 405 870; x_wconf 87' lang='grc' dir='ltr'><em>Λύσις</em></span> <span class='ocrx_word' id='word_1_3' title='bbox 428 795 459 862; x_wconf 78' lang='grc' dir='ltr'><strong>δέ</strong></span> <span class='ocrx_word' id='word_1_4' title='bbox 482 795 536 861; x_wconf 81' lang='grc' dir='ltr'><strong>καὶ</strong></span> <span class='ocrx_word' id='word_1_5' title='bbox 555 799 658 862; x_wconf 77' lang='grc' dir='ltr'><em>κεῖσαι</em></span> <span class='ocrx_word' id='word_1_6' title='bbox 684 799 789 868; x_wconf 83' lang='grc' dir='ltr'><em>καλῶς</em></span> <span class='ocrx_word' id='word_1_7' title='bbox 814 793 875 877; x_wconf 70' lang='grc' dir='ltr'><strong>ὑφ’</strong></span> <span class='ocrx_word' id='word_1_8' title='bbox 894 793 995 872; x_wconf 80' lang='grc' dir='ltr'><em>ὑμῶν,</em></span> <span class='ocrx_word' id='word_1_9' title='bbox 1030 793 1119 885; x_wconf 85' lang='lat' dir='ltr'><strong>quud</strong></span> <span class='ocrx_word' id='word_1_10' title='bbox 1143 791 1240 860; x_wconf 76' lang='lat' dir='ltr'><strong>usssili</strong></span> <span class='ocrx_word' id='word_1_11' title='bbox 1264 797 1321 860; x_wconf 70' lang='lat' dir='ltr'><strong>est.</strong></span> <span class='ocrx_word' id='word_1_12' title='bbox 1372 796 1483 866; x_wconf 78' lang='lat' dir='ltr'><strong>Veram</strong></span> <span class='ocrx_word' id='word_1_13' title='bbox 1577 773 1584 786; x_wconf 45' lang='lat'>⁸</span> 
     </span>
     <span class='ocr_line' id='line_1_3' title="bbox 307 891 1483 992; baseline 0.003 -26"><span class='ocrx_word' id='word_1_14' title='bbox 307 901 480 968; x_wconf 82' lang='lat' dir='ltr'><strong>leotiouem</strong></span> <span class='ocrx_word' id='word_1_15' title='bbox 499 891 661 992; x_wconf 70' lang='lat' dir='ltr'><strong>¹patefacit</strong></span> <span class='ocrx_word' id='word_1_16' title='bbox 682 900 772 968; x_wconf 87' lang='lat' dir='ltr'><strong>loeus</strong></span> <span class='ocrx_word' id='word_1_17' title='bbox 794 925 826 992; x_wconf 90' lang='lat' dir='ltr'><strong>p.</strong></span> <span class='ocrx_word' id='word_1_18' title='bbox 849 904 914 968; x_wconf 88' lang='lat'><strong>585</strong></span> <span class='ocrx_word' id='word_1_19' title='bbox 934 920 964 969; x_wconf 81' lang='lat' dir='ltr'><strong>r.</strong></span> <span class='ocrx_word' id='word_1_20' title='bbox 986 902 1038 968; x_wconf 75' lang='grc' dir='ltr'><strong>ἐπὶ</strong></span> <span class='ocrx_word' id='word_1_21' title='bbox 1063 902 1154 980; x_wconf 78' lang='grc' dir='ltr'><em>ξένης</em></span> <span class='ocrx_word' id='word_1_22' title='bbox 1179 902 1194 966; x_wconf 81' lang='grc' dir='ltr'>ὅ</span> <span class='ocrx_word' id='word_1_23' title='bbox 1215 901 1316 975; x_wconf 85' lang='grc' dir='ltr'><em>Λύσις</em></span> <span class='ocrx_word' id='word_1_24' title='bbox 1339 905 1483 980; x_wconf 76' lang='grc' dir='ltr'><em>κεκύδεν·</em></span> 
     </span>
     <span class='ocr_line' id='line_1_4' title="bbox 304 1006 1484 1099; baseline 0.001 -27"><span class='ocrx_word' id='word_1_25' title='bbox 304 1029 376 1088; x_wconf 88' lang='grc' dir='ltr'><em>ται,</em></span> <span class='ocrx_word' id='word_1_26' title='bbox 395 1020 428 1073; x_wconf 88' lang='lat' dir='ltr'><strong>et</strong></span> <span class='ocrx_word' id='word_1_27' title='bbox 446 1019 519 1098; x_wconf 83' lang='lat' dir='ltr'><strong>post</strong></span> <span class='ocrx_word' id='word_1_28' title='bbox 539 1027 641 1098; x_wconf 84' lang='lat' dir='ltr'><strong>pauca</strong></span> <span class='ocrx_word' id='word_1_29' title='bbox 662 1006 749 1080; x_wconf 73' lang='grc' dir='ltr'><em>σ’σύιος</em></span> <span class='ocrx_word' id='word_1_30' title='bbox 775 1007 833 1072; x_wconf 78' lang='grc' dir='ltr'><strong>ὑπὸ</strong></span> <span class='ocrx_word' id='word_1_31' title='bbox 857 1012 917 1072; x_wconf 81' lang='grc' dir='ltr'><strong>τῶν</strong></span> <span class='ocrx_word' id='word_1_32' title='bbox 939 1006 1043 1091; x_wconf 77' lang='grc' dir='ltr'><em>φίλων</em></span> <span class='ocrx_word' id='word_1_33' title='bbox 1065 1008 1287 1082; x_wconf 71' lang='grc' dir='ltr'><em>κεκηδεῦσθαι,</em></span> <span class='ocrx_word' id='word_1_34' title='bbox 1319 1008 1406 1076; x_wconf 88' lang='lat' dir='ltr'><strong>uude</strong></span> <span class='ocrx_word' id='word_1_35' title='bbox 1424 1032 1484 1099; x_wconf 84' lang='lat' dir='ltr'><strong>ap·</strong></span> 
     </span>
     <span class='ocr_line' id='line_1_5' title="bbox 303 1109 1483 1202; baseline 0.002 -24"><span class='ocrx_word' id='word_1_36' title='bbox 303 1125 395 1202; x_wconf 83' lang='lat' dir='ltr'><strong>paret</strong></span> <span class='ocrx_word' id='word_1_37' title='bbox 422 1111 659 1180; x_wconf 86' lang='lat' dir='ltr'><strong>emendandum</strong></span> <span class='ocrx_word' id='word_1_38' title='bbox 685 1132 752 1180; x_wconf 82' lang='lat' dir='ltr'><strong>esse</strong></span> <span class='ocrx_word' id='word_1_39' title='bbox 777 1109 873 1185; x_wconf 87' lang='grc' dir='ltr'><em>Λύσις</em></span> <span class='ocrx_word' id='word_1_40' title='bbox 901 1112 932 1177; x_wconf 79' lang='grc' dir='ltr'><strong>δὲ</strong></span> <span class='ocrx_word' id='word_1_41' title='bbox 957 1112 1011 1178; x_wconf 80' lang='grc' dir='ltr'><strong>καὶ</strong></span> <span class='ocrx_word' id='word_1_42' title='bbox 1036 1114 1269 1188; x_wconf 67' lang='grc' dir='ltr'><strong><em>κεκήδευται</em></strong></span> <span class='ocrx_word' id='word_1_43' title='bbox 1295 1120 1399 1186; x_wconf 78' lang='grc' dir='ltr'><em>καλῶς</em></span> <span class='ocrx_word' id='word_1_44' title='bbox 1424 1115 1483 1196; x_wconf 82' lang='grc' dir='ltr'><strong>ὑφ’</strong></span> 
     </span>
     <span class='ocr_line' id='line_1_6' title="bbox 306 1241 401 1296; baseline 0.021 -15"><span class='ocrx_word' id='word_1_45' title='bbox 306 1241 401 1296; x_wconf 83' lang='grc' dir='ltr'><em>νμων.</em></span> 
     </span>
     <span class='ocr_line' id='line_1_7' title="bbox 350 1320 1483 1413; baseline 0 -25"><span class='ocrx_word' id='word_1_46' title='bbox 350 1320 399 1388; x_wconf 74' lang='lat' dir='ltr'><strong>sd</strong></span> <span class='ocrx_word' id='word_1_47' title='bbox 421 1345 491 1413; x_wconf 79' lang='lat' dir='ltr'><strong>pag.</strong></span> <span class='ocrx_word' id='word_1_48' title='bbox 511 1321 587 1390; x_wconf 82' lang='grc'><strong>327.</strong></span> <span class='ocrx_word' id='word_1_49' title='bbox 635 1320 738 1405; x_wconf 79' lang='lat' dir='ltr'><strong>Quam</strong></span> <span class='ocrx_word' id='word_1_50' title='bbox 759 1333 853 1413; x_wconf 80' lang='lat' dir='ltr'><strong>turpe</strong></span> <span class='ocrx_word' id='word_1_51' title='bbox 874 1320 961 1413; x_wconf 84' lang='lat' dir='ltr'><strong>apud</strong></span> <span class='ocrx_word' id='word_1_52' title='bbox 979 1321 1230 1388; x_wconf 64' lang='lat' dir='ltr'><strong>natussum</strong></span> <span class='ocrx_word' id='word_1_53' title='bbox 1247 1322 1407 1390; x_wconf 83' lang='lat' dir='ltr'><strong>emblema</strong></span> <span class='ocrx_word' id='word_1_54' title='bbox 1423 1321 1483 1388; x_wconf 85' lang='lat' dir='ltr'><strong>de·</strong></span> 
     </span>
     <span class='ocr_line' id='line_1_8' title="bbox 215 1418 1483 1518; baseline 0.002 -26"><span class='ocrx_word' id='word_1_55' title='bbox 215 1449 223 1466; x_wconf 70' lang='lat'>⁸</span> <span class='ocrx_word' id='word_1_56' title='bbox 301 1427 512 1518; x_wconf 75' lang='lat' dir='ltr'><strong>prehenditur</strong></span> <span class='ocrx_word' id='word_1_57' title='bbox 530 1429 564 1495; x_wconf 93' lang='lat' dir='ltr'><strong>iu</strong></span> <span class='ocrx_word' id='word_1_58' title='bbox 588 1428 689 1496; x_wconf 76' lang='lat' dir='ltr'><strong>verbis</strong></span> <span class='ocrx_word' id='word_1_59' title='bbox 708 1425 827 1493; x_wconf 70' lang='grc' dir='ltr'><em>ἅπαντ’</em></span> <span class='ocrx_word' id='word_1_60' title='bbox 851 1418 1038 1508; x_wconf 67' lang='grc' dir='ltr'><em>ἀνεχαίτισε</em></span> <span class='ocrx_word' id='word_1_61' title='bbox 1062 1427 1128 1516; x_wconf 75' lang='grc' dir='ltr'><strong>[καὶ</strong></span> <span class='ocrx_word' id='word_1_62' title='bbox 1148 1427 1304 1514; x_wconf 81' lang='grc' dir='ltr'><em>διέλυσε],</em></span> <span class='ocrx_word' id='word_1_63' title='bbox 1331 1439 1395 1494; x_wconf 81' lang='lat' dir='ltr'><strong>tam</strong></span> <span class='ocrx_word' id='word_1_64' title='bbox 1411 1449 1483 1494; x_wconf 81' lang='lat' dir='ltr'><strong>ma-</strong></span> 
     </span>
     <span class='ocr_line' id='line_1_9' title="bbox 301 1532 1483 1624; baseline 0.002 -26"><span class='ocrx_word' id='word_1_65' title='bbox 301 1535 417 1600; x_wconf 81' lang='lat' dir='ltr'><strong>nifesta</strong></span> <span class='ocrx_word' id='word_1_66' title='bbox 446 1547 494 1602; x_wconf 86' lang='lat' dir='ltr'><strong>est</strong></span> <span class='ocrx_word' id='word_1_67' title='bbox 515 1535 601 1602; x_wconf 80' lang='lat' dir='ltr'><strong>fraus</strong></span> <span class='ocrx_word' id='word_1_68' title='bbox 620 1535 717 1624; x_wconf 87' lang='lat' dir='ltr'><strong>plane</strong></span> <span class='ocrx_word' id='word_1_69' title='bbox 736 1533 846 1600; x_wconf 82' lang='lat' dir='ltr'><strong>eadem</strong></span> <span class='ocrx_word' id='word_1_70' title='bbox 870 1533 956 1624; x_wconf 89' lang='lat' dir='ltr'><strong>apud</strong></span> <span class='ocrx_word' id='word_1_71' title='bbox 977 1533 1167 1600; x_wconf 73' lang='lat' dir='ltr'><strong>isonam!</strong></span> <span class='ocrx_word' id='word_1_72' title='bbox 1189 1532 1223 1596; x_wconf 92' lang='lat' dir='ltr'><strong>iu</strong></span> <span class='ocrx_word' id='word_1_73' title='bbox 1241 1533 1483 1624; x_wconf 76' lang='lat' dir='ltr'><strong>Areopagatieo</strong></span> 
     </span>
     <span class='ocr_line' id='line_1_10' title="bbox 301 1628 1548 1724; baseline -0.002 -18"><span class='ocrx_word' id='word_1_74' title='bbox 301 1641 319 1724; x_wconf 86' lang='lat'>§</span> <span class='ocrx_word' id='word_1_75' title='bbox 343 1643 395 1708; x_wconf 89' lang='lat'><strong>12.</strong></span> <span class='ocrx_word' id='word_1_76' title='bbox 419 1642 527 1706; x_wconf 87' lang='grc' dir='ltr'><em>ούδένα</em></span> <span class='ocrx_word' id='word_1_77' title='bbox 549 1639 658 1721; x_wconf 80' lang='grc' dir='ltr'><em>χρόνον</em></span> <span class='ocrx_word' id='word_1_78' title='bbox 683 1639 743 1712; x_wconf 72' lang='grc' dir='ltr'><strong>τὰς</strong></span> <span class='ocrx_word' id='word_1_79' title='bbox 767 1639 920 1719; x_wconf 74' lang='grc' dir='ltr'><strong>εὐτυχίας</strong></span> <span class='ocrx_word' id='word_1_80' title='bbox 945 1645 1127 1719; x_wconf 71' lang='grc' dir='ltr'><em>κατασχεῖν</em></span> <span class='ocrx_word' id='word_1_81' title='bbox 1153 1639 1360 1716; x_wconf 69' lang='grc' dir='ltr'><em>ἠδυνήθημεν,</em></span> <span class='ocrx_word' id='word_1_82' title='bbox 1389 1638 1482 1704; x_wconf 73' lang='grc' dir='ltr'><em>ἄλλα</em></span> <span class='ocrx_word' id='word_1_83' title='bbox 1542 1628 1548 1640; x_wconf 74' lang='grc'><em>’</em></span> 
     </span>
     <span class='ocr_line' id='line_1_11' title="bbox 299 1740 1481 1832; baseline 0.003 -25"><span class='ocrx_word' id='word_1_84' title='bbox 299 1743 426 1822; x_wconf 81' lang='grc' dir='ltr'><em>ταχέως</em></span> <span class='ocrx_word' id='word_1_85' title='bbox 453 1743 769 1826; x_wconf 78' lang='grc' dir='ltr'><em>διεσκαριφκσοέμεύα</em></span> <span class='ocrx_word' id='word_1_86' title='bbox 797 1743 866 1832; x_wconf 77' lang='grc' dir='ltr'><strong>[καὶ</strong></span> <span class='ocrx_word' id='word_1_87' title='bbox 892 1741 1100 1829; x_wconf 86' lang='grc' dir='ltr'><em>διελύσαμεν]</em></span> <span class='ocrx_word' id='word_1_88' title='bbox 1126 1740 1243 1816; x_wconf 76' lang='grc' dir='ltr'><em>αὐτούς.</em></span> <span class='ocrx_word' id='word_1_89' title='bbox 1285 1745 1342 1810; x_wconf 78' lang='lat' dir='ltr'><strong>Est</strong></span> <span class='ocrx_word' id='word_1_90' title='bbox 1362 1744 1395 1809; x_wconf 93' lang='lat' dir='ltr'><strong>iu</strong></span> <span class='ocrx_word' id='word_1_91' title='bbox 1415 1744 1481 1810; x_wconf 80' lang='lat' dir='ltr'><strong>Le·</strong></span> 
     </span>
     <span class='ocr_line' id='line_1_12' title="bbox 300 1847 1481 1937; baseline 0.005 -27"><span class='ocrx_word' id='word_1_92' title='bbox 300 1850 378 1912; x_wconf 76' lang='lat' dir='ltr'><strong>acieo</strong></span> <span class='ocrx_word' id='word_1_93' title='bbox 407 1847 587 1914; x_wconf 74' lang='lat' dir='ltr'><strong>Rheton&#39;eo</strong></span> <span class='ocrx_word' id='word_1_94' title='bbox 607 1848 642 1915; x_wconf 88' lang='lat' dir='ltr'><strong>iu</strong></span> <span class='ocrx_word' id='word_1_95' title='bbox 660 1849 787 1916; x_wconf 75' lang='lat' dir='ltr'><strong>Aneed.</strong></span> <span class='ocrx_word' id='word_1_96' title='bbox 811 1851 964 1914; x_wconf 67' lang='lat' dir='ltr'><strong>Binum</strong></span> <span class='ocrx_word' id='word_1_97' title='bbox 981 1871 1015 1937; x_wconf 89' lang='lat' dir='ltr'><strong>p.</strong></span> <span class='ocrx_word' id='word_1_98' title='bbox 1034 1851 1116 1924; x_wconf 85' lang='grc'><strong>239,</strong></span> <span class='ocrx_word' id='word_1_99' title='bbox 1137 1851 1190 1913; x_wconf 89' lang='grc'><strong>20.</strong></span> <span class='ocrx_word' id='word_1_100' title='bbox 1223 1850 1481 1933; x_wconf 62' lang='lat' dir='ltr'><strong>anaxamen-</strong></span> 
     </span>
     <span class='ocr_line' id='line_1_13' title="bbox 297 1952 1481 2043; baseline 0.001 -24"><span class='ocrx_word' id='word_1_101' title='bbox 297 1953 472 2033; x_wconf 77' lang='grc' dir='ltr'><em>σύμεύαι</em></span> <span class='ocrx_word' id='word_1_102' title='bbox 497 1955 567 2020; x_wconf 70' lang='grc' dir='ltr'><strong>ἀντὶ</strong></span> <span class='ocrx_word' id='word_1_103' title='bbox 589 1961 644 2022; x_wconf 84' lang='grc' dir='ltr'><strong>τοῦ</strong></span> <span class='ocrx_word' id='word_1_104' title='bbox 668 1955 875 2034; x_wconf 78' lang='grc' dir='ltr'><em>διελύσαμενι</em></span> <span class='ocrx_word' id='word_1_105' title='bbox 908 1952 1107 2043; x_wconf 82' lang='lat' dir='ltr'><strong>adscriptum</strong></span> <span class='ocrx_word' id='word_1_106' title='bbox 1138 1953 1217 2020; x_wconf 86' lang='lat' dir='ltr'><strong>olim</strong></span> <span class='ocrx_word' id='word_1_107' title='bbox 1244 1955 1307 2020; x_wconf 82' lang='lat' dir='ltr'><strong>fuit</strong></span> <span class='ocrx_word' id='word_1_108' title='bbox 1335 1957 1368 2024; x_wconf 90' lang='lat' dir='ltr'><strong>iu</strong></span> <span class='ocrx_word' id='word_1_109' title='bbox 1394 1978 1481 2021; x_wconf 86' lang='lat' dir='ltr'><strong>mar·-</strong></span> 
     </span>
     <span class='ocr_line' id='line_1_14' title="bbox 300 2058 1481 2152; baseline 0.003 -28"><span class='ocrx_word' id='word_1_110' title='bbox 300 2059 375 2149; x_wconf 81' lang='lat' dir='ltr'><strong>giue</strong></span> <span class='ocrx_word' id='word_1_111' title='bbox 405 2072 460 2125; x_wconf 89' lang='lat' dir='ltr'><strong>aut</strong></span> <span class='ocrx_word' id='word_1_112' title='bbox 489 2060 574 2126; x_wconf 85' lang='lat' dir='ltr'><strong>inter</strong></span> <span class='ocrx_word' id='word_1_113' title='bbox 602 2084 709 2126; x_wconf 78' lang='lat' dir='ltr'><strong>versus</strong></span> <span class='ocrx_word' id='word_1_114' title='bbox 734 2061 943 2140; x_wconf 83' lang='grc' dir='ltr'><em>διελύσαμεν,</em></span> <span class='ocrx_word' id='word_1_115' title='bbox 970 2058 1087 2126; x_wconf 89' lang='lat' dir='ltr'><strong>deinde</strong></span> <span class='ocrx_word' id='word_1_116' title='bbox 1110 2065 1335 2152; x_wconf 84' lang='lat' dir='ltr'><strong>eumcopula,</strong></span> <span class='ocrx_word' id='word_1_117' title='bbox 1358 2062 1481 2128; x_wconf 83' lang='lat' dir='ltr'><strong>atsere</strong></span> 
     </span>
     <span class='ocr_line' id='line_1_15' title="bbox 236 2163 1481 2258; baseline 0.002 -30"><span class='ocrx_word' id='word_1_118' title='bbox 236 2203 239 2214; x_wconf 89' lang='lat'>·</span> <span class='ocrx_word' id='word_1_119' title='bbox 300 2163 354 2243; x_wconf 87' lang='lat' dir='ltr'><strong>fit,</strong></span> <span class='ocrx_word' id='word_1_120' title='bbox 388 2163 515 2231; x_wconf 86' lang='lat' dir='ltr'><strong>Oratori</strong></span> <span class='ocrx_word' id='word_1_121' title='bbox 544 2164 790 2255; x_wconf 80' lang='lat' dir='ltr'><strong>adglutinatam.</strong></span> <span class='ocrx_word' id='word_1_122' title='bbox 837 2163 928 2230; x_wconf 86' lang='lat' dir='ltr'><strong>Nihil</strong></span> <span class='ocrx_word' id='word_1_123' title='bbox 953 2176 1001 2230; x_wconf 86' lang='lat' dir='ltr'><strong>est</strong></span> <span class='ocrx_word' id='word_1_124' title='bbox 1024 2165 1133 2230; x_wconf 63' lang='lat' dir='ltr'><strong>Poetis</strong></span> <span class='ocrx_word' id='word_1_125' title='bbox 1152 2166 1186 2231; x_wconf 91' lang='lat' dir='ltr'><strong>in</strong></span> <span class='ocrx_word' id='word_1_126' title='bbox 1205 2179 1309 2234; x_wconf 86' lang='lat' dir='ltr'><strong>metro</strong></span> <span class='ocrx_word' id='word_1_127' title='bbox 1330 2166 1481 2258; x_wconf 87' lang='lat' dir='ltr'><strong>praesidii</strong></span> 
     </span>
     <span class='ocr_line' id='line_1_16' title="bbox 298 2268 1481 2361; baseline 0.004 -27"><span class='ocrx_word' id='word_1_128' title='bbox 298 2268 448 2336; x_wconf 80' lang='lat' dir='ltr'><strong>adversus</strong></span> <span class='ocrx_word' id='word_1_129' title='bbox 468 2270 701 2338; x_wconf 73' lang='lat' dir='ltr'><strong>eiusdemmodi</strong></span> <span class='ocrx_word' id='word_1_130' title='bbox 721 2269 930 2359; x_wconf 86' lang='lat' dir='ltr'><strong>eorrupteias.</strong></span> <span class='ocrx_word' id='word_1_131' title='bbox 963 2269 1215 2338; x_wconf 74' lang='lat' dir='ltr'><strong>Asusamus</strong></span> <span class='ocrx_word' id='word_1_132' title='bbox 1228 2273 1262 2338; x_wconf 91' lang='lat' dir='ltr'><strong>iu</strong></span> <span class='ocrx_word' id='word_1_133' title='bbox 1277 2268 1481 2361; x_wconf 70' lang='grc' dir='ltr'><em>Ιιγείείναύα</em></span> 
     </span>
     <span class='ocr_line' id='line_1_17' title="bbox 299 2376 1266 2466; baseline 0.002 -26"><span class='ocrx_word' id='word_1_134' title='bbox 299 2377 460 2466; x_wconf 73' lang='lat' dir='ltr'><strong>scripsisse</strong></span> <span class='ocrx_word' id='word_1_135' title='bbox 483 2377 626 2443; x_wconf 83' lang='lat' dir='ltr'><strong>ereditur</strong></span> <span class='ocrx_word' id='word_1_136' title='bbox 649 2399 690 2442; x_wconf 87' lang='lat' dir='ltr'><strong>vs.</strong></span> <span class='ocrx_word' id='word_1_137' title='bbox 715 2379 791 2442; x_wconf 84' lang='grc'><strong>973.</strong></span> <span class='ocrx_word' id='word_1_138' title='bbox 1263 2376 1266 2381; x_wconf 69' lang='grc'>’</span> 
     </span>
     <span class='ocr_line' id='line_1_18' title="bbox 367 2479 1433 2566; baseline 0.003 -20"><span class='ocrx_word' id='word_1_139' title='bbox 367 2481 422 2546; x_wconf 73' lang='grc' dir='ltr'><strong>εἴθ’</strong></span> <span class='ocrx_word' id='word_1_140' title='bbox 444 2483 542 2556; x_wconf 66' lang='grc' dir='ltr'><em>αὐτὴν</em></span> <span class='ocrx_word' id='word_1_141' title='bbox 567 2481 667 2562; x_wconf 75' lang='grc' dir='ltr'><em>ὥσπερ</em></span> <span class='ocrx_word' id='word_1_142' title='bbox 688 2481 760 2551; x_wconf 78' lang='grc' dir='ltr'><em>τοὺς</em></span> <span class='ocrx_word' id='word_1_143' title='bbox 785 2479 902 2556; x_wconf 76' lang='grc' dir='ltr'><em>θωμοὺς</em></span> <span class='ocrx_word' id='word_1_144' title='bbox 919 2483 937 2566; x_wconf 86' lang='grc' dir='ltr'><strong>ΙΙ</strong></span> <span class='ocrx_word' id='word_1_145' title='bbox 951 2480 1088 2563; x_wconf 74' lang='grc' dir='ltr'><em>μεγάλῳ</em></span> <span class='ocrx_word' id='word_1_146' title='bbox 1109 2483 1201 2564; x_wconf 80' lang='grc' dir='ltr'><em>τυφῷ</em></span> <span class='ocrx_word' id='word_1_147' title='bbox 1224 2483 1278 2549; x_wconf 79' lang='grc' dir='ltr'><strong>καὶ</strong></span> <span class='ocrx_word' id='word_1_148' title='bbox 1302 2490 1433 2566; x_wconf 76' lang='grc' dir='ltr'><em>κρητῆρι</em></span> 
     </span>
     <span class='ocr_line' id='line_1_19' title="bbox 366 2581 1187 2671; baseline 0.005 -23"><span class='ocrx_word' id='word_1_149' title='bbox 366 2585 525 2666; x_wconf 75' lang='grc' dir='ltr'><em>ξοςρέψας</em></span> <span class='ocrx_word' id='word_1_150' title='bbox 549 2585 602 2650; x_wconf 72' lang='grc' dir='ltr'><strong>καὶ</strong></span> <span class='ocrx_word' id='word_1_151' title='bbox 628 2581 892 2663; x_wconf 77' lang='grc' dir='ltr'><em>ξογγογγνλύσας</em></span> <span class='ocrx_word' id='word_1_152' title='bbox 917 2590 934 2671; x_wconf 88' lang='grc' dir='ltr'><strong>ΙΙ</strong></span> <span class='ocrx_word' id='word_1_153' title='bbox 957 2584 1053 2666; x_wconf 74' lang='grc' dir='ltr'><em>οἴχοιο</em></span> <span class='ocrx_word' id='word_1_154' title='bbox 1075 2585 1187 2669; x_wconf 65' lang='lat' dir='ltr'><strong>(pinea.</strong></span> 
     </span>
     <span class='ocr_line' id='line_1_20' title="bbox 297 2688 795 2781; baseline 0 -27"><span class='ocrx_word' id='word_1_155' title='bbox 297 2700 331 2754; x_wconf 85' lang='lat' dir='ltr'><strong>et</strong></span> <span class='ocrx_word' id='word_1_156' title='bbox 354 2688 388 2754; x_wconf 92' lang='lat' dir='ltr'><strong>iu</strong></span> <span class='ocrx_word' id='word_1_157' title='bbox 414 2689 646 2781; x_wconf 74' lang='lat' dir='ltr'><strong>Thesmophor.</strong></span> <span class='ocrx_word' id='word_1_158' title='bbox 672 2711 715 2754; x_wconf 80' lang='lat' dir='ltr'><strong>ss.</strong></span> <span class='ocrx_word' id='word_1_159' title='bbox 740 2691 795 2754; x_wconf 80' lang='lat'><strong>61.</strong></span> 
     </span>
     <span class='ocr_line' id='line_1_21' title="bbox 603 2793 1152 2877; baseline 0.005 -19"><span class='ocrx_word' id='word_1_160' title='bbox 603 2793 871 2874; x_wconf 81' lang='grc' dir='ltr'><em>σογγογγνλέσας</em></span> <span class='ocrx_word' id='word_1_161' title='bbox 894 2794 948 2860; x_wconf 78' lang='grc' dir='ltr'><strong>καὶ</strong></span> <span class='ocrx_word' id='word_1_162' title='bbox 973 2794 1152 2877; x_wconf 76' lang='grc' dir='ltr'><em>σνςςέψας,</em></span> 
     </span>
    </p>

    <p class='ocr_par' dir='ltr' id='par_1_3' title="bbox 286 2898 1477 4262">
     <span class='ocr_line' id='line_1_22' title="bbox 298 2898 1477 2988; baseline 0.005 -24"><span class='ocrx_word' id='word_1_163' title='bbox 298 2898 332 2964; x_wconf 89' lang='lat' dir='ltr'><strong>iu</strong></span> <span class='ocrx_word' id='word_1_164' title='bbox 361 2898 478 2988; x_wconf 87' lang='lat' dir='ltr'><strong>quibus</strong></span> <span class='ocrx_word' id='word_1_165' title='bbox 503 2899 581 2965; x_wconf 84' lang='lat' dir='ltr'><strong>loeis</strong></span> <span class='ocrx_word' id='word_1_166' title='bbox 598 2900 667 2966; x_wconf 87' lang='lat' dir='ltr'><strong>duo</strong></span> <span class='ocrx_word' id='word_1_167' title='bbox 691 2899 872 2966; x_wconf 84' lang='lat' dir='ltr'><strong>foedissima</strong></span> <span class='ocrx_word' id='word_1_168' title='bbox 898 2900 975 2965; x_wconf 82' lang='lat' dir='ltr'><strong>vitia</strong></span> <span class='ocrx_word' id='word_1_169' title='bbox 993 2900 1129 2967; x_wconf 88' lang='lat' dir='ltr'><strong>nimium</strong></span> <span class='ocrx_word' id='word_1_170' title='bbox 1148 2901 1204 2969; x_wconf 86' lang='lat' dir='ltr'><strong>diu</strong></span> <span class='ocrx_word' id='word_1_171' title='bbox 1225 2899 1363 2968; x_wconf 80' lang='lat' dir='ltr'><strong>Criticos</strong></span> <span class='ocrx_word' id='word_1_172' title='bbox 1381 2903 1477 2970; x_wconf 81' lang='lat' dir='ltr'><strong>fefel-</strong></span> 
     </span>
     <span class='ocr_line' id='line_1_23' title="bbox 297 3006 1475 3098; baseline 0.003 -26"><span class='ocrx_word' id='word_1_173' title='bbox 297 3006 415 3074; x_wconf 82' lang='lat' dir='ltr'><strong>lerunt.</strong></span> <span class='ocrx_word' id='word_1_174' title='bbox 462 3006 536 3072; x_wconf 89' lang='lat' dir='ltr'><strong>Nou</strong></span> <span class='ocrx_word' id='word_1_175' title='bbox 565 3019 631 3088; x_wconf 89' lang='lat' dir='ltr'><strong>est,</strong></span> <span class='ocrx_word' id='word_1_176' title='bbox 662 3031 727 3074; x_wconf 91' lang='lat' dir='ltr'><strong>nou</strong></span> <span class='ocrx_word' id='word_1_177' title='bbox 754 3018 860 3097; x_wconf 86' lang='lat' dir='ltr'><strong>potest</strong></span> <span class='ocrx_word' id='word_1_178' title='bbox 884 3029 951 3073; x_wconf 87' lang='lat' dir='ltr'><strong>esse</strong></span> <span class='ocrx_word' id='word_1_179' title='bbox 970 3007 1072 3098; x_wconf 84' lang='lat' dir='ltr'><strong>proba</strong></span> <span class='ocrx_word' id='word_1_180' title='bbox 1095 3020 1127 3074; x_wconf 84' lang='lat' dir='ltr'><strong>et</strong></span> <span class='ocrx_word' id='word_1_181' title='bbox 1149 3009 1255 3077; x_wconf 75' lang='lat' dir='ltr'><strong>Attica</strong></span> <span class='ocrx_word' id='word_1_182' title='bbox 1273 3009 1377 3074; x_wconf 78' lang='lat' dir='ltr'><strong>forma</strong></span> <span class='ocrx_word' id='word_1_183' title='bbox 1395 3032 1475 3090; x_wconf 86' lang='grc' dir='ltr'><em>γογ·</em></span> 
     </span>
     <span class='ocr_line' id='line_1_24' title="bbox 296 3112 1475 3206; baseline 0.003 -30"><span class='ocrx_word' id='word_1_184' title='bbox 296 3112 430 3196; x_wconf 78' lang='grc' dir='ltr'><em>γνλέζω,</em></span> <span class='ocrx_word' id='word_1_185' title='bbox 455 3125 491 3179; x_wconf 92' lang='lat' dir='ltr'><strong>ut</strong></span> <span class='ocrx_word' id='word_1_186' title='bbox 516 3137 622 3205; x_wconf 88' lang='lat' dir='ltr'><strong>neque</strong></span> <span class='ocrx_word' id='word_1_187' title='bbox 647 3115 861 3197; x_wconf 75' lang='grc' dir='ltr'><em>ςρογγνλίζωε</em></span> <span class='ocrx_word' id='word_1_188' title='bbox 881 3127 922 3180; x_wconf 80' lang='lat' dir='ltr'><strong>‘ut</strong></span> <span class='ocrx_word' id='word_1_189' title='bbox 941 3115 1131 3206; x_wconf 67' lang='lat' dir='ltr'><strong>nosxitoeet</strong></span> <span class='ocrx_word' id='word_1_190' title='bbox 1150 3113 1322 3193; x_wconf 81' lang='grc' dir='ltr'><em>τοικέλλιι,</em></span> <span class='ocrx_word' id='word_1_191' title='bbox 1344 3115 1475 3188; x_wconf 79' lang='grc' dir='ltr'><em>κωτίλος</em></span> 
     </span>
     <span class='ocr_line' id='line_1_25' title="bbox 297 3218 1477 3300; baseline -0.003 -14"><span class='ocrx_word' id='word_1_192' title='bbox 297 3230 329 3286; x_wconf 83' lang='lat' dir='ltr'><strong>et</strong></span> <span class='ocrx_word' id='word_1_193' title='bbox 349 3221 508 3300; x_wconf 74' lang='grc' dir='ltr'><em>κωτίλλω,</em></span> <span class='ocrx_word' id='word_1_194' title='bbox 529 3221 673 3293; x_wconf 75' lang='grc' dir='ltr'><em>ναυτίλος</em></span> <span class='ocrx_word' id='word_1_195' title='bbox 695 3230 728 3285; x_wconf 89' lang='lat' dir='ltr'><strong>et</strong></span> <span class='ocrx_word' id='word_1_196' title='bbox 753 3218 982 3298; x_wconf 63' lang='lat' dir='ltr'><strong>taurianensi,</strong></span> <span class='ocrx_word' id='word_1_197' title='bbox 1013 3219 1158 3297; x_wconf 81' lang='grc' dir='ltr'><em>ςαμύλος</em></span> <span class='ocrx_word' id='word_1_198' title='bbox 1188 3230 1221 3284; x_wconf 89' lang='lat' dir='ltr'><strong>et</strong></span> <span class='ocrx_word' id='word_1_199' title='bbox 1246 3219 1477 3298; x_wconf 82' lang='grc' dir='ltr'><em>ςαμύλλομαι,</em></span> 
     </span>
     <span class='ocr_line' id='line_1_26' title="bbox 295 3324 1476 3414; baseline -0.001 -25"><span class='ocrx_word' id='word_1_200' title='bbox 295 3325 430 3402; x_wconf 83' lang='grc' dir='ltr'><em>ύγκύλος</em></span> <span class='ocrx_word' id='word_1_201' title='bbox 458 3337 489 3392; x_wconf 91' lang='lat' dir='ltr'><strong>et</strong></span> <span class='ocrx_word' id='word_1_202' title='bbox 516 3326 735 3405; x_wconf 78' lang='grc' dir='ltr'><em>ὀγκύλλομαι,</em></span> <span class='ocrx_word' id='word_1_203' title='bbox 762 3325 807 3389; x_wconf 85' lang='lat' dir='ltr'><strong>sie</strong></span> <span class='ocrx_word' id='word_1_204' title='bbox 836 3325 949 3390; x_wconf 89' lang='lat' dir='ltr'><strong>eadem</strong></span> <span class='ocrx_word' id='word_1_205' title='bbox 980 3325 1126 3414; x_wconf 74' lang='lat' dir='ltr'><strong>analogia</strong></span> <span class='ocrx_word' id='word_1_206' title='bbox 1144 3337 1192 3390; x_wconf 85' lang='lat' dir='ltr'><strong>est</strong></span> <span class='ocrx_word' id='word_1_207' title='bbox 1211 3324 1295 3389; x_wconf 83' lang='lat' dir='ltr'><strong>iuter</strong></span> <span class='ocrx_word' id='word_1_208' title='bbox 1312 3324 1476 3404; x_wconf 83' lang='grc' dir='ltr'><em>γογγύλας</em></span> 
     </span>
     <span class='ocr_line' id='line_1_27' title="bbox 297 3429 1476 3520; baseline -0.001 -26"><span class='ocrx_word' id='word_1_209' title='bbox 297 3441 330 3495; x_wconf 87' lang='lat' dir='ltr'><strong>et</strong></span> <span class='ocrx_word' id='word_1_210' title='bbox 358 3431 551 3514; x_wconf 86' lang='grc' dir='ltr'><em>γογγύλλω,</em></span> <span class='ocrx_word' id='word_1_211' title='bbox 584 3431 759 3511; x_wconf 80' lang='grc' dir='ltr'><em>ςρογγύλος</em></span> <span class='ocrx_word' id='word_1_212' title='bbox 791 3442 824 3495; x_wconf 88' lang='lat' dir='ltr'><strong>et</strong></span> <span class='ocrx_word' id='word_1_213' title='bbox 851 3431 1053 3510; x_wconf 81' lang='grc' dir='ltr'><em>ςρογγύλλιν.</em></span> <span class='ocrx_word' id='word_1_214' title='bbox 1094 3429 1209 3520; x_wconf 84' lang='lat' dir='ltr'><strong>Itaque</strong></span> <span class='ocrx_word' id='word_1_215' title='bbox 1233 3429 1476 3510; x_wconf 81' lang='grc' dir='ltr'><em>σνγγογγύλλιν</em></span> 
     </span>
     <span class='ocr_line' id='line_1_28' title="bbox 296 3533 1475 3626; baseline -0.002 -26"><span class='ocrx_word' id='word_1_216' title='bbox 296 3533 393 3600; x_wconf 89' lang='lat' dir='ltr'><strong>habet</strong></span> <span class='ocrx_word' id='word_1_217' title='bbox 424 3537 574 3626; x_wconf 85' lang='lat' dir='ltr'><strong>autiquae</strong></span> <span class='ocrx_word' id='word_1_218' title='bbox 601 3534 788 3600; x_wconf 81' lang='lat' dir='ltr'><strong>Graecitatis</strong></span> <span class='ocrx_word' id='word_1_219' title='bbox 816 3535 1002 3613; x_wconf 85' lang='lat' dir='ltr'><strong>sanitatem,</strong></span> <span class='ocrx_word' id='word_1_220' title='bbox 1033 3537 1219 3618; x_wconf 77' lang='grc' dir='ltr'><em>γογγυλύζοι</em></span> <span class='ocrx_word' id='word_1_221' title='bbox 1247 3547 1279 3600; x_wconf 87' lang='lat' dir='ltr'><strong>et</strong></span> <span class='ocrx_word' id='word_1_222' title='bbox 1305 3533 1475 3613; x_wconf 81' lang='grc' dir='ltr'><em>γογγνλέιι</em></span> 
     </span>
     <span class='ocr_line' id='line_1_29' title="bbox 297 3638 1476 3729; baseline -0.002 -23"><span class='ocrx_word' id='word_1_223' title='bbox 297 3652 370 3707; x_wconf 88' lang='lat' dir='ltr'><strong>sunt</strong></span> <span class='ocrx_word' id='word_1_224' title='bbox 397 3641 533 3707; x_wconf 83' lang='lat' dir='ltr'><strong>labentis</strong></span> <span class='ocrx_word' id='word_1_225' title='bbox 553 3641 662 3708; x_wconf 87' lang='lat' dir='ltr'><strong>aetatis</strong></span> <span class='ocrx_word' id='word_1_226' title='bbox 683 3640 801 3706; x_wconf 83' lang='lat' dir='ltr'><strong>formas</strong></span> <span class='ocrx_word' id='word_1_227' title='bbox 832 3641 942 3705; x_wconf 84' lang='lat' dir='ltr'><strong>breves</strong></span> <span class='ocrx_word' id='word_1_228' title='bbox 972 3651 1113 3704; x_wconf 81' lang='lat' dir='ltr'><strong>veterum</strong></span> <span class='ocrx_word' id='word_1_229' title='bbox 1136 3639 1335 3729; x_wconf 76' lang='lat' dir='ltr'><strong>ineleganter</strong></span> <span class='ocrx_word' id='word_1_230' title='bbox 1352 3638 1476 3729; x_wconf 87' lang='lat' dir='ltr'><strong>produ-</strong></span> 
     </span>
     <span class='ocr_line' id='line_1_30' title="bbox 297 3743 1476 3836; baseline -0.001 -25"><span class='ocrx_word' id='word_1_231' title='bbox 297 3748 413 3826; x_wconf 86' lang='lat' dir='ltr'><strong>centis,</strong></span> <span class='ocrx_word' id='word_1_232' title='bbox 433 3760 468 3812; x_wconf 87' lang='lat' dir='ltr'><strong>ut</strong></span> <span class='ocrx_word' id='word_1_233' title='bbox 483 3747 620 3830; x_wconf 75' lang='grc' dir='ltr'><em>λενιύζειν</em></span> <span class='ocrx_word' id='word_1_234' title='bbox 642 3769 701 3836; x_wconf 88' lang='lat' dir='ltr'><strong>pro</strong></span> <span class='ocrx_word' id='word_1_235' title='bbox 719 3745 851 3821; x_wconf 80' lang='grc' dir='ltr'><em>λέπειν,</em></span> <span class='ocrx_word' id='word_1_236' title='bbox 869 3743 909 3809; x_wconf 91' lang='lat' dir='ltr'><strong>de</strong></span> <span class='ocrx_word' id='word_1_237' title='bbox 932 3767 995 3834; x_wconf 87' lang='lat' dir='ltr'><strong>qua</strong></span> <span class='ocrx_word' id='word_1_238' title='bbox 1015 3766 1049 3808; x_wconf 81' lang='lat' dir='ltr'><strong>re</strong></span> <span class='ocrx_word' id='word_1_239' title='bbox 1069 3744 1194 3834; x_wconf 86' lang='lat' dir='ltr'><strong>saepius</strong></span> <span class='ocrx_word' id='word_1_240' title='bbox 1213 3745 1361 3809; x_wconf 77' lang='lat' dir='ltr'><strong>diximus</strong></span> <span class='ocrx_word' id='word_1_241' title='bbox 1386 3744 1476 3828; x_wconf 77' lang='lat' dir='ltr'><strong>Quae</strong></span> 
     </span>
     <span class='ocr_line' id='line_1_31' title="bbox 296 3850 1475 3920; baseline -0.003 0"><span class='ocrx_word' id='word_1_242' title='bbox 296 3855 420 3920; x_wconf 80' lang='lat' dir='ltr'><strong>formae</strong></span> <span class='ocrx_word' id='word_1_243' title='bbox 438 3865 545 3918; x_wconf 86' lang='lat' dir='ltr'><strong>autem</strong></span> <span class='ocrx_word' id='word_1_244' title='bbox 567 3853 601 3916; x_wconf 92' lang='lat' dir='ltr'><strong>in</strong></span> <span class='ocrx_word' id='word_1_245' title='bbox 621 3851 865 3918; x_wconf 82' lang='lat' dir='ltr'><strong>desuetudinem</strong></span> <span class='ocrx_word' id='word_1_246' title='bbox 899 3853 1047 3918; x_wconf 88' lang='lat' dir='ltr'><strong>abierunt</strong></span> <span class='ocrx_word' id='word_1_247' title='bbox 1078 3863 1112 3916; x_wconf 87' lang='lat' dir='ltr'><strong>et</strong></span> <span class='ocrx_word' id='word_1_248' title='bbox 1142 3850 1355 3918; x_wconf 82' lang='lat' dir='ltr'><strong>deterioribus</strong></span> <span class='ocrx_word' id='word_1_249' title='bbox 1369 3873 1475 3916; x_wconf 86' lang='lat' dir='ltr'><strong>nesse·</strong></span> 
     </span>
     <span class='ocr_line' id='line_1_32' title="bbox 286 3959 1475 4055; baseline -0.004 -28"><span class='ocrx_word' id='word_1_250' title='bbox 286 3959 387 4038; x_wconf 86' lang='lat' dir='ltr'><strong>¹runt,</strong></span> <span class='ocrx_word' id='word_1_251' title='bbox 424 3961 621 4050; x_wconf 83' lang='lat' dir='ltr'><strong>ubicumque</strong></span> <span class='ocrx_word' id='word_1_252' title='bbox 639 3959 686 4055; x_wconf 28' lang='lat' dir='ltr'><strong>,in</strong></span> <span class='ocrx_word' id='word_1_253' title='bbox 722 3969 865 4026; x_wconf 80' lang='lat' dir='ltr'><strong>veterum</strong></span> <span class='ocrx_word' id='word_1_254' title='bbox 896 3959 1020 4048; x_wconf 87' lang='lat' dir='ltr'><strong>seriptis</strong></span> <span class='ocrx_word' id='word_1_255' title='bbox 1051 3959 1263 4048; x_wconf 83' lang='lat' dir='ltr'><strong>apparebant,</strong></span> <span class='ocrx_word' id='word_1_256' title='bbox 1297 3959 1329 4023; x_wconf 86' lang='lat' dir='ltr'><strong>in</strong></span> <span class='ocrx_word' id='word_1_257' title='bbox 1356 3980 1475 4048; x_wconf 72' lang='lat' dir='ltr'><strong>magun</strong></span> 
     </span>
     <span class='ocr_line' id='line_1_33' title="bbox 296 4064 1472 4157; baseline -0.002 -27"><span class='ocrx_word' id='word_1_258' title='bbox 296 4065 503 4131; x_wconf 72' lang='lat' dir='ltr'><strong>versabantur</strong></span> <span class='ocrx_word' id='word_1_259' title='bbox 530 4066 693 4157; x_wconf 86' lang='lat' dir='ltr'><strong>periculo,</strong></span> <span class='ocrx_word' id='word_1_260' title='bbox 723 4066 810 4156; x_wconf 90' lang='lat' dir='ltr'><strong>quod</strong></span> <span class='ocrx_word' id='word_1_261' title='bbox 841 4066 874 4132; x_wconf 90' lang='lat' dir='ltr'><strong>iu</strong></span> <span class='ocrx_word' id='word_1_262' title='bbox 904 4065 954 4131; x_wconf 85' lang='lat' dir='ltr'><strong>his</strong></span> <span class='ocrx_word' id='word_1_263' title='bbox 973 4066 1049 4156; x_wconf 88' lang='lat' dir='ltr'><strong>ipsis</strong></span> <span class='ocrx_word' id='word_1_264' title='bbox 1069 4065 1110 4131; x_wconf 89' lang='lat' dir='ltr'><strong>de</strong></span> <span class='ocrx_word' id='word_1_265' title='bbox 1129 4087 1213 4132; x_wconf 79' lang='lat' dir='ltr'><strong>novo</strong></span> <span class='ocrx_word' id='word_1_266' title='bbox 1235 4064 1472 4132; x_wconf 84' lang='lat' dir='ltr'><strong>demonstrabo.</strong></span> 
     </span>
     <span class='ocr_line' id='line_1_34' title="bbox 300 4169 1047 4262; baseline 0.001 -26"><span class='ocrx_word' id='word_1_267' title='bbox 300 4169 651 4262; x_wconf 76' lang='lat' dir='ltr'><strong>ApudN1couscunu</strong></span> <span class='ocrx_word' id='word_1_268' title='bbox 676 4170 802 4236; x_wconf 74' lang='lat' dir='ltr'><strong>Annua.</strong></span> <span class='ocrx_word' id='word_1_269' title='bbox 828 4171 869 4237; x_wconf 86' lang='lat'><strong>11.</strong></span> <span class='ocrx_word' id='word_1_270' title='bbox 892 4195 924 4262; x_wconf 88' lang='lat' dir='ltr'><strong>p.</strong></span> <span class='ocrx_word' id='word_1_271' title='bbox 949 4175 992 4237; x_wconf 82' lang='lat'><strong>58</strong></span> <span class='ocrx_word' id='word_1_272' title='bbox 1017 4191 1047 4238; x_wconf 80' lang='lat' dir='ltr'><strong>s.</strong></span> 
     </span>
    </p>

    <p class='ocr_par' dir='ltr' id='par_1_4' title="bbox 515 4274 1203 4359">
     <span class='ocr_line' id='line_1_35' title="bbox 515 4274 1203 4359; baseline 0.004 -19"><span class='ocrx_word' id='word_1_273' title='bbox 515 4276 642 4340; x_wconf 80' lang='grc' dir='ltr'><em>οὐσίδιον</em></span> <span class='ocrx_word' id='word_1_274' title='bbox 667 4277 729 4358; x_wconf 73' lang='grc' dir='ltr'><strong>γὰρ</strong></span> <span class='ocrx_word' id='word_1_275' title='bbox 753 4276 985 4350; x_wconf 78' lang='grc' dir='ltr'><em>καταλιπόντος</em></span> <span class='ocrx_word' id='word_1_276' title='bbox 1007 4281 1062 4344; x_wconf 79' lang='grc' dir='ltr'><strong>τοῦ</strong></span> <span class='ocrx_word' id='word_1_277' title='bbox 1085 4274 1203 4359; x_wconf 83' lang='grc' dir='ltr'><em>τατρύς</em></span> 
     </span>
    </p>

    <p class='ocr_par' dir='ltr' id='par_1_5' title="bbox 517 4379 1126 4464">
     <span class='ocr_line' id='line_1_36' title="bbox 517 4379 1126 4464; baseline 0.008 -21"><span class='ocrx_word' id='word_1_278' title='bbox 517 4379 592 4444; x_wconf 73' lang='lat' dir='ltr'><strong>odae</strong></span> <span class='ocrx_word' id='word_1_279' title='bbox 618 4381 890 4464; x_wconf 76' lang='grc' dir='ltr'><em>σννεςρογγύλικα</em></span> <span class='ocrx_word' id='word_1_280' title='bbox 914 4382 1126 4460; x_wconf 64' lang='grc' dir='ltr'><em>κάξεκόκκισα</em></span> 
     </span>
    </p>

    <p class='ocr_par' dir='ltr' id='par_1_6' title="bbox 298 4485 1483 4796">
     <span class='ocr_line' id='line_1_37' title="bbox 518 4485 1216 4569; baseline 0.004 -21"><span class='ocrx_word' id='word_1_281' title='bbox 518 4485 548 4548; x_wconf 82' lang='grc' dir='ltr'><strong>ἐν</strong></span> <span class='ocrx_word' id='word_1_282' title='bbox 573 4485 668 4563; x_wconf 72' lang='grc' dir='ltr'><em>μησὶν</em></span> <span class='ocrx_word' id='word_1_283' title='bbox 692 4486 808 4565; x_wconf 77' lang='grc' dir='ltr'><em>ὀλίγοις</em></span> <span class='ocrx_word' id='word_1_284' title='bbox 833 4485 933 4569; x_wconf 72' lang='grc' dir='ltr'><em>ὥσπερ</em></span> <span class='ocrx_word' id='word_1_285' title='bbox 958 4487 1013 4568; x_wconf 63' lang='lat' dir='ltr'><strong>sida</strong></span> <span class='ocrx_word' id='word_1_286' title='bbox 1036 4512 1083 4560; x_wconf 89' lang='grc' dir='ltr'><strong>τις</strong></span> <span class='ocrx_word' id='word_1_287' title='bbox 1106 4490 1216 4569; x_wconf 79' lang='grc' dir='ltr'><em>ῥοφῶν.</em></span> 
     </span>
     <span class='ocr_line' id='line_1_38' title="bbox 298 4588 1470 4684; baseline -0.006 -27"><span class='ocrx_word' id='word_1_288' title='bbox 298 4594 374 4675; x_wconf 74' lang='lat' dir='ltr'><strong>Quis</strong></span> <span class='ocrx_word' id='word_1_289' title='bbox 404 4591 613 4684; x_wconf 73' lang='lat' dir='ltr'><strong>repugnabit,</strong></span> <span class='ocrx_word' id='word_1_290' title='bbox 638 4592 672 4657; x_wconf 88' lang='lat' dir='ltr'><strong>si</strong></span> <span class='ocrx_word' id='word_1_291' title='bbox 700 4591 873 4682; x_wconf 78' lang='lat' dir='ltr'><strong>legendum</strong></span> <span class='ocrx_word' id='word_1_292' title='bbox 899 4617 966 4661; x_wconf 87' lang='lat' dir='ltr'><strong>esse</strong></span> <span class='ocrx_word' id='word_1_293' title='bbox 985 4592 1182 4661; x_wconf 86' lang='lat' dir='ltr'><strong>contendero</strong></span> <span class='ocrx_word' id='word_1_294' title='bbox 1203 4588 1470 4673; x_wconf 71' lang='lat' dir='ltr'><strong>evasepo&#39;yyvna?</strong></span> 
     </span>
     <span class='ocr_line' id='line_1_39' title="bbox 299 4698 1483 4796; baseline -0.004 -33"><span class='ocrx_word' id='word_1_295' title='bbox 299 4698 424 4764; x_wconf 78' lang='lat' dir='ltr'><strong>desisto</strong></span> <span class='ocrx_word' id='word_1_296' title='bbox 454 4723 533 4791; x_wconf 90' lang='lat' dir='ltr'><strong>opus</strong></span> <span class='ocrx_word' id='word_1_297' title='bbox 560 4721 626 4767; x_wconf 89' lang='lat' dir='ltr'><strong>esse</strong></span> <span class='ocrx_word' id='word_1_298' title='bbox 652 4698 761 4767; x_wconf 74' lang='lat' dir='ltr'><strong>vident</strong></span> <span class='ocrx_word' id='word_1_299' title='bbox 782 4722 910 4768; x_wconf 86' lang='lat' dir='ltr'><strong>omnes:</strong></span> <span class='ocrx_word' id='word_1_300' title='bbox 935 4703 1019 4769; x_wconf 88' lang='lat' dir='ltr'><strong>inter</strong></span> <span class='ocrx_word' id='word_1_301' title='bbox 1038 4700 1309 4783; x_wconf 77' lang='grc' dir='ltr'><em>σννεςρογγύλισα</em></span> <span class='ocrx_word' id='word_1_302' title='bbox 1332 4707 1363 4764; x_wconf 88' lang='lat' dir='ltr'><strong>et</strong></span> <span class='ocrx_word' id='word_1_303' title='bbox 1379 4710 1483 4796; x_wconf 30' lang='grc' dir='ltr'><strong>σύνεῑ</strong></span> 
     </span>
    </p>
   </div>
   <div class='ocr_carea' id='block_1_3' title="bbox 0 0 1888 5717">
    <p class='ocr_par' dir='ltr' id='par_1_7' title="bbox 0 0 1888 5717">
     <span class='ocr_line' id='line_1_40' title="bbox 0 0 1888 5717; baseline 0 3"><span class='ocrx_word' id='word_1_304' title='bbox 0 0 1888 5717; x_wconf 95' lang='lat' dir='ltr'><strong> </strong></span> 
     </span>
    </p>
   </div>
  </div>
 </body>
</html>
