3767 5717
967 643 1032 706 302

419 842 571 930 frequens
593 851 641 905 cst
670 835 843 903 admodum
872 837 959 929 apud
986 837 1148 929 sequiores
1174 838 1331 930 imprimis
1356 839 1390 904 iu
1411 839 1595 920 Peumru',

420 947 584 1025 Armeno,
618 945 723 1012 Dicor
753 943 879 1012 Oussro.
927 943 1036 1010 Semel
1065 944 1128 1010 hoo
1158 945 1268 1010 sitium
1301 945 1334 1010 in
1367 945 1594 1014 Xenornonrs

418 1063 567 1144 apparet,
591 1051 647 1140 qui
668 1051 701 1114 in
727 1049 800 1116 Asia
821 1062 853 1116 et
874 1049 1096 1140 Peloponneso
1119 1071 1212 1116 usum
1233 1050 1355 1141 patriae
1376 1049 1506 1118 dialecti
1525 1076 1591 1120 non

418 1158 459 1224 ab
488 1156 577 1221 omni
602 1157 675 1222 labo
700 1179 817 1248 purum
836 1177 958 1222 serrare
978 1158 1084 1248 potuit
1104 1179 1162 1248 per
1179 1168 1229 1222 tot
1249 1179 1358 1221 annos.
1406 1157 1539 1247 Legitur
1557 1159 1591 1226 iu

417 1265 606 1331 Hellenior's
634 1262 661 1329 I.
682 1280 740 1328 vn.
763 1270 792 1329 5.
819 1266 851 1327 οὐ
877 1262 939 1343 γαρ
965 1263 1112 1343 προύτέθη
1139 1261 1254 1343 σφίσι
1275 1261 1368 1339 λθγος
1388 1286 1448 1351 pro
1468 1267 1586 1337 αὐτοῖς.

416 1369 567 1435 Eiusdem
587 1370 711 1458 generis
728 1381 775 1434 est
795 1368 880 1447 μετα
904 1367 953 1441 δέ,
974 1367 1060 1458 quod
1078 1365 1251 1432 sexcenties
1269 1365 1355 1456 apud
1376 1367 1589 1435 flsnonown

417 1475 535 1566 legitur
557 1497 618 1566 pro
637 1471 750 1540 ἔπειτα
771 1474 819 1546 δέ,
842 1484 873 1537 et
895 1475 1065 1539 Lucrinus
1085 1473 1202 1563 passim
1225 1471 1412 1536 Hencncro.
1431 1473 1591 1565 sublegit,

417 1581 515 1647 semel
535 1592 660 1644 lantum
680 1593 765 1645 recte
788 1582 845 1657 14,
871 1584 900 1644 4.
919 1579 1005 1659 μετθι
1030 1580 1078 1652 δὲ,
1100 1575 1120 1642 ὦ
1141 1579 1241 1656 ξεῖνε,
1261 1577 1358 1642 εἴσεαι
1382 1586 1442 1657 γῆς
1462 1603 1498 1644 τε
1519 1580 1586 1662 πέρι

416 1686 469 1751 καὶ
503 1684 605 1765 ἠέρος,
640 1685 717 1773 quia
746 1683 957 1773 Pythagoram
986 1681 1111 1748 inducit
1135 1706 1191 1747 sue
1219 1681 1356 1747 dialecto
1383 1682 1592 1773 loquentem,

416 1812 481 1856 non
510 1789 579 1854 sinc
608 1789 685 1854 uitio
717 1801 842 1868 tamen,
872 1811 945 1854 nam
967 1789 1140 1853 ridiculum
1165 1799 1212 1852 est
1234 1787 1319 1878 quod
1341 1790 1359 1872 §
1381 1793 1411 1855 3.
1432 1789 1589 1879 praecipit

416 1896 512 1962 πέντε
544 1892 622 1957 θλιεν
659 1894 749 1958 ε’τέαν
781 1893 908 1960 λαλέειν
941 1895 1057 1974 μηδὲν,
1093 1893 1219 1960 nolebat
1251 1893 1357 1959 dicere
1391 1895 1588 1975 ε’χερινθέειν,

417 1999 577 2066 dicentem
609 1999 685 2064 lacit
715 1998 880 2081 φλυηρέειν
911 2000 1025 2078 nullu,
1054 2021 1125 2064 nem
1150 1998 1231 2063 nihil
1253 1999 1339 2064 uliud
1362 1999 1445 2090 apud
1466 2009 1590 2066 ueteres

417 2113 531 2171 λαλεῖν
555 2104 714 2193 significat
735 2124 832 2192 quam
853 2108 1008 2185 φλυαρεῖν
1028 2116 1060 2168 et
1080 2104 1206 2169 inanem
1227 2105 1455 2194 loquacitatem
1475 2105 1587 2195 arguit.

415 2209 485 2275 Iam
517 2209 595 2274 olim
622 2211 648 2274 oi
681 2211 799 2274 ἰδιῶται
830 2220 863 2273 et
889 2209 1015 2274 barbari
1039 2209 1158 2276 Graece
1180 2211 1395 2276 balbutientes
1414 2221 1589 2300 coeperunt

414 2324 528 2381 λαλεῖν
548 2339 608 2404 pro
625 2314 732 2393 λέγειν
758 2337 910 2405 usurpare
929 2326 962 2379 et
981 2316 1122 2404 magistri
1144 2315 1333 2394 admonent,
1357 2315 1421 2382 sid.
1441 2314 1589 2382 Pttflrrtt-

315 2411 321 2425 ’
418 2438 515 2486 οιιιιιι
539 2421 693 2486 Burnum
715 2420 840 2486 Anecd.
864 2446 895 2510 p.
917 2426 982 2500 51,
1006 2425 1037 2488 3.
1086 2419 1276 2487 Suarissime
1297 2423 1330 2487 in
1351 2421 1590 2488 Tnsornnisn

419 2521 595 2593 Choractt.
618 2524 687 2589 vll.
703 2525 830 2614 pueruli
850 2526 890 2591 ed
908 2527 1069 2615 garrulum
1090 2539 1231 2616 patrem:
1251 2526 1401 2600 παππία,
1425 2535 1537 2592 λαλεῖν
1557 2550 1588 2592 τι

415 2632 490 2709 ἡμῖν
520 2630 601 2702 ὅπως
628 2628 666 2693 θεν
691 2632 776 2707 ἡμᾶς
801 2628 893 2702 ὕπνος
918 2630 1019 2713 λοθβρ.
1068 2631 1184 2696 Passim
1209 2653 1376 2723 perperam
1397 2631 1483 2710 μετθι
1504 2631 1536 2696 δέ
1554 2631 1588 2696 in

414 2733 520 2802 Attica
541 2736 684 2801 oratioue
703 2734 849 2824 ponitur,
873 2747 909 2799 ut
931 2739 991 2814 10,
1016 2743 1055 2816 9,
1080 2739 1109 2802 2.
1130 2735 1217 2802 ἕωθεν
1238 2738 1295 2815 μὲν
1316 2734 1365 2800 ἐπὶ
1387 2735 1477 2815 θύρας
1497 2735 1589 2819 etbel-

414 2861 475 2904 των
511 2840 607 2920 μοθλα
643 2842 774 2915 πολλοί,
813 2841 917 2918 μετὰ
952 2842 988 2906 δὲ
1018 2842 1155 2908 παντοῖοθ
1179 2865 1231 2920 μοι
1259 2843 1338 2922 δῶρα
1362 2840 1536 2920 προσήγετο
1557 2851 1589 2906 et

419 2948 478 3022 14,
508 2949 539 3010 9.
567 2953 684 3029 πρῶτον
714 2946 771 3024 μὲν
794 2946 951 3026 τριβώνιον
972 2948 1151 3028 περιβαλῶ,
1176 2946 1279 3026 μετθι
1303 2947 1340 3011 δὲ
1361 2953 1464 3011 πονεῖν
1487 2969 1590 3012 κατα-

415 3048 567 3129 ναγκοθσιο
597 3061 630 3114 et
660 3053 719 3126 46,
754 3054 805 3115 ll.
834 3050 869 3114 τὸ
896 3051 954 3128 μὲν
980 3057 1097 3132 πρῶτον
1126 3053 1270 3129 ἰλιγγιῶν
1299 3049 1373 3140 (leg.
1393 3050 1446 3114 nol
1474 3052 1590 3130 τὸμὲν

415 3159 533 3234 πρῶτον
562 3154 722 3241 ἱλιγγίων)
753 3155 811 3219 ὑπὸ
845 3160 899 3220 τοῦ
933 3154 1067 3233 βοθθονς,
1099 3155 1203 3234 μετθι
1229 3156 1268 3220 δὲ
1294 3154 1401 3238 ἔφερον
1427 3154 1590 3220 καὶτοῦτο

415 3259 557 3337 εὐμαρῶς
587 3269 619 3322 et
653 3263 709 3336 13,
734 3265 764 3326 8.
797 3263 856 3340 32,
881 3262 911 3323 8.
946 3265 1008 3338 34,
1033 3264 1063 3326 8.
1094 3264 1153 3338 46,
1178 3265 1229 3328 24.
1263 3263 1320 3338 47,
1346 3265 1396 3326 34.
1430 3261 1593 3338 49,1οι

421 3360 510 3426 alibi.
541 3361 719 3428 infeliciter
739 3362 914 3432 admodum
931 3365 1111 3434 Bosssnus
1126 3367 1158 3432 in
1175 3366 1358 3434 liberorum
1369 3374 1592 3458 praeceptore

418 3470 477 3544 51,
504 3471 555 3533 17.
575 3469 661 3548 μετὰ
681 3469 712 3534 δέ
732 3469 859 3534 refinxit
878 3470 914 3534 io
930 3473 1020 3550 μέτει
1042 3472 1088 3546 δέ,
1109 3472 1208 3562 idque
1228 3471 1437 3563 recepit„sed
1455 3473 1591 3540 redemit

417 3569 505 3640 hunc
524 3595 663 3640 errorem
684 3575 767 3641 bone
788 3578 985 3642 correctione
1003 3577 1036 3642 in
1057 3582 1114 3656 71,
1139 3582 1191 3644 20.
1211 3580 1263 3644 sul
1283 3581 1474 3660 πρῶτονμὲν
1495 3581 1590 3654 αὐτὸς

413 3677 554 3752 αὐλῆσαι
578 3683 729 3762 πονήρως,
748 3682 856 3760 μετὰ
880 3683 919 3748 δὲ
944 3683 1126 3764 παραδόντα
1145 3686 1216 3756 τοὺς
1238 3685 1351 3756 αὐλοὺς
1371 3685 1474 3767 εἀεθνῳ
1499 3685 1590 3764 δέξα-

413 3784 485 3847 σθαι
517 3787 592 3866 παρ’
625 3788 722 3851 αὐτοῦ
757 3788 793 3851 τὸ
833 3792 963 3872 σκῦτος,
1000 3788 1121 3877 optime
1152 3788 1237 3854 enim
1269 3788 1411 3878 reposuit
1436 3790 1525 3868 μετθι
1557 3790 1588 3856 δὲ

415 3890 584 3971 παραδούς.
635 3891 879 3958 Eiusdem'modi
902 3905 949 3959 est
969 3893 1089 3975 saluus,
1115 3893 1201 3984 quod
1222 3895 1358 3983 p'essime
1378 3894 1482 3960 serbis
1505 3896 1589 3961 Atti-

415 3995 460 4058 cis
478 3995 629 4060 inseritur
652 4001 711 4075 70,
735 4003 787 4064 24.
808 4000 843 4063 τὸ
864 3997 973 4063 λοθσιον
999 3997 1051 4062 καὶ
1073 3997 1175 4079 κοθρτα
1196 4001 1373 4074 ε’καεντοῦν,
1395 4012 1449 4065 aut
1471 4006 1532 4078 59,
1560 4006 1589 4066 3.

414 4097 518 4178 κθρτοι
546 4101 581 4173 ,ot
610 4105 775 4183 φρενήρης,
804 4102 893 4193 quod
916 4105 986 4193 quis
1011 4126 1074 4168 non
1096 4103 1223 4170 rideat?
1271 4105 1402 4174 Ionibus
1421 4108 1589 4198 proprium

414 4213 462 4268 est
482 4201 638 4292 imprimis
662 4206 895 4296 antiquioribus
913 4207 1027 4272 τιθέναι
1047 4231 1167 4298 ponere
1188 4210 1243 4276 ubi
1265 4210 1363 4278 Attici
1382 4222 1478 4278 ποιεῖν
1500 4212 1589 4276 dice·

406 4309 492 4378 bant
514 4321 545 4374 et
564 4310 701 4377 τίθεσθαι
725 4313 780 4376 ubi
800 4311 833 4377 hi
853 4313 1023 4378 ποιεῖσθαιε
1044 4315 1199 4380 κοινωνίαν
1218 4321 1371 4384 ποιεῖσθαι
1392 4318 1469 4383 dicit
1486 4317 1589 4386 Athe-

415 4415 548 4512 niensis,
582 4416 725 4493 ξυνανίνν
762 4418 900 4482 τίθεσθαι
933 4415 1047 4496 lones,
1085 4419 1129 4484 sic
1159 4421 1256 4488 δαῖτα
1294 4424 1447 4500 τίθεσθαι,
1487 4424 1591 4489 θέσθαι

413 4525 551 4603 ἀγορήν,
584 4523 711 4600 θνσιάν,
747 4521 871 4603 γοθμον,
905 4535 938 4589 et
966 4525 1102 4594 τίθεσθαι
1136 4528 1258 4603 παῖδα,
1293 4529 1369 4614 νὶθν,
1394 4532 1478 4604 θετὸς
1506 4529 1589 4603 elic,

413 4628 495 4714 θέσις
523 4650 582 4717 pro
603 4630 776 4708 autololes,
796 4631 948 4707 ποιητός,
974 4633 1114 4710 ποίησις,
1141 4646 1172 4700 et
1193 4635 1372 4726 saepissime
1394 4636 1509 4702 τιθέναι
1529 4657 1589 4726 pro

411 4741 529 4807 ποιεῖν,
566 4746 601 4800 ιιι
626 4735 658 4801 in
680 4735 863 4804 notissimo:
887 4739 913 4806 εἰ
934 4738 966 4804 δέ
990 4763 1045 4818 μιν
1068 4741 1232 4822 αἰχμητὴν
1257 4740 1365 4808 ἔθεσαν
1389 4739 1467 4821 θεοί,
1492 4752 1525 4808 et
1549 4739 1590 4808 dc
