3767 5717
848 639 885 701 et

272 818 364 887 libris
387 815 553 885 confusius
575 822 609 882 et
631 810 815 900 absurdius)
839 810 896 878 sed
926 807 1110 897 aequalium
1135 808 1281 877 vitiosam
1307 808 1459 898 loquenid

273 920 540 992 consuetudinem
562 922 608 987 ita
628 925 789 1005 arguunt,
811 925 848 983 nt
868 916 965 983 Attici
984 915 1143 983 sermonis
1155 914 1374 1003 incorruptam
1388 938 1460 983 nor·

271 1050 358 1097 mam
383 1036 554 1116 opponant.
605 1025 658 1092 Sic
686 1023 781 1089 fiebat
806 1031 842 1089 ut
872 1022 957 1089 docti
980 1020 1044 1087 alia
1069 1021 1180 1106 lingua
1205 1020 1290 1087 inter
1318 1041 1373 1101 se,
1398 1022 1461 1091 alia

272 1135 314 1202 ad
345 1134 507 1201 indoctam
546 1130 671 1221 plebem
703 1136 735 1195 et
765 1127 909 1203 servulos
940 1134 1132 1202 uterentur,
1169 1124 1257 1211 plebs
1296 1127 1461 1194 eruditum

272 1241 361 1307 istud
390 1240 554 1326 cloquium
575 1255 639 1301 non
662 1241 790 1302 tantum
816 1254 877 1301 non
909 1231 1122 1317 intelligeret,
1146 1230 1202 1297 sed
1232 1231 1352 1310 etiam,
1376 1233 1462 1319 quod

272 1366 366 1412 nemo
389 1344 580 1420 mirabitur,
608 1342 752 1407 suaviter
781 1338 912 1405 rideret.
961 1338 1162 1422 Quamquam
1192 1344 1241 1403 est
1276 1337 1371 1423 paulo
1391 1338 1461 1403 lon-

272 1451 365 1536 gior,
396 1448 578 1516 adscribam
598 1446 705 1513 locum
731 1465 770 1512 ex
792 1443 892 1509 Sauro
919 1443 1068 1509 ldurrarco
1093 1442 1162 1507 odo.
1187 1439 1336 1507 Μαιόνων.
1355 1442 1379 1507 Ι.
1406 1449 1462 1510 10,

272 1576 303 1641 p.
325 1558 389 1621 265
415 1554 530 1630 Fran,
554 1572 617 1638 quo
640 1571 703 1617 nou
728 1556 778 1617 est
806 1549 889 1615 alius
913 1548 954 1613 ad
978 1547 1011 1613 id
1036 1545 1120 1633 quod
1144 1545 1214 1612 volo
1238 1546 1459 1615 demonstrau-

274 1658 350 1725 dum
369 1661 472 1745 magis
484 1659 637 1724 idonens:
662 1655 707 1726 ἔτι
720 1656 773 1731 δέ,
797 1655 926 1740 inquit,
951 1655 1083 1733 βιωτική
1103 1676 1151 1726 τις
1172 1653 1297 1735 ἀφελὴς
1318 1655 1461 1731 συνήθειαι

271 1770 331 1830 τῶν
349 1765 472 1831 ἰδιωτῶν
494 1762 580 1829 ιιατοδ
606 1760 713 1834 πόλεις
736 1759 788 1827 καὶ
814 1759 881 1837 ἔθνη
906 1758 1096 1843 διαφέροντα
1116 1794 1161 1807 --
1177 1796 1221 1809 -
1245 1759 1280 1824 τό
1304 1761 1382 1827 αὐτὸ
1401 1762 1461 1843 ep-

270 1869 449 1953 τοφόριον
473 1867 525 1936 καὶ
558 1865 741 1949 ταναρινν
763 1865 895 1945 λέγεται
920 1865 973 1930 καὶ
999 1862 1096 1931 πόλιν
1122 1863 1157 1929 τδ
1189 1864 1267 1929 αὐτὸ
1295 1865 1459 1946 capitor

271 1976 324 2042 eal
349 1976 501 2055 αμόδιον
525 1975 577 2040 καὶ
605 1972 709 2052 ἴγδις
730 1972 783 2038 καὶ
807 1971 934 2047 όνεόα,
959 1969 1050 2035 aare
1062 1968 1268 2051 ςοχαζόμενοι
1280 1975 1334 2036 τοῦ
1354 1977 1459 2045 καλῶς

271 2080 396 2163 ἔχοντος
428 2081 481 2147 καὶ
512 2085 623 2162 σαφῶς
646 2079 699 2145 καὶ
726 2082 781 2143 τοῦ
809 2079 855 2157 αδ
878 2077 1036 2155 praeerat
1067 2075 1125 2141 ὑπὸ
1156 2081 1215 2143 τῶν
1244 2076 1459 2143 διακονούντων

271 2189 345 2268 ἡμῖν
366 2186 533 2268 παιδαρίων
555 2185 608 2250 καὶ
633 2184 756 2249 ἰδιωτῶν
778 2180 968 2264 τανόριον
997 2181 1143 2262 ἐροῦμεν,
1166 2181 1197 2247 εἱ
1221 2181 1285 2247 καὶ
1308 2181 1459 2263 βόρβα·

270 2291 333 2375 ρόν
353 2292 431 2369 ε’ςιν,
455 2293 531 2357 ἀλλ’
553 2293 608 2356 οὐκ
627 2288 870 2373 ἆρτοφόριον,
891 2286 945 2353 οιαὶ
967 2285 1127 2366 ςαμνόον
1151 2287 1226 2353 αλλ’
1247 2288 1459 2366 οὐκοὶμόδα.

269 2398 322 2463 καὶ
341 2397 421 2463 dori
426 2420 471 2461 αν
494 2399 620 2474 αἴιλλον
640 2395 658 2471 ἢ
683 2394 805 2473 tyrii,
828 2394 882 2459 καὶ
902 2391 1001 2459 πόλιν
1020 2393 1051 2457 ἐν
1064 2390 1200 2468 διαλέξει
1219 2392 1458 2473 ἀποβλέποντες

269 2504 343 2585 πρὸς
367 2502 438 2574 τοὺς
471 2500 627 2581 παρόντας
651 2500 711 2573 τὰς
736 2499 794 2578 μὲν
822 2497 1020 2571 ἰδιωτικὰς
1050 2496 1151 2574 λέξεις
1179 2497 1456 2579 ταρατόμψοριεν,

269 2609 325 2682 τὴν
354 2607 386 2670 δὲ
416 2605 650 2685 evicerim
681 2603 734 2669 καὶ
765 2602 983 2687 φιλόλογον
1016 2604 1174 2681 συνήθειαν
1204 2601 1457 2683 μεταδιόξομεν·

269 2714 313 2784 ὥς
339 2709 411 2790 γὰρ
432 2713 450 2784 ἡ
470 2708 681 2791 φιλόλογοι
702 2712 875 2785 praerat
898 2707 1003 2787 παρὰ
1024 2715 1103 2781 τοῖς
1124 2708 1317 2784 ἰδιώταις,
1340 2705 1457 2783 οὕτως

271 2819 288 2893 ἡ
318 2815 491 2889 ἰδιωτικόν
525 2812 628 2895 ταρνὶ
663 2810 1009 2893 τοῖο-Φιλολόγοις.
1065 2810 1220 2896 Utrique,
1253 2812 1299 2877 ita
1328 2812 1376 2882 uti
1404 2812 1458 2891 fit,

269 2918 465 2986 excedebant
499 2917 641 2984 modum.
689 2917 842 2983 Homines
874 2915 996 2983 indocti
1026 2915 1065 2983 de
1094 2915 1184 3003 plebe
1212 2918 1361 2983 excusari
1389 2938 1458 3003 pos·

268 3032 366 3102 sunt,
390 3024 445 3110 qui
470 3023 543 3089 istis
562 3021 921 3109 temporibus-nativam
943 3021 1072 3107 linguae
1093 3020 1217 3108 patriae
1238 3022 1458 3091 sinceritatem

268 3148 397 3197 serrare
423 3148 485 3193 non
512 3128 694 3214 pctncrint;
717 3125 805 3193 docti
824 3144 887 3191 non
910 3134 1064 3212 possunt,
1086 3128 1142 3213 qui
1172 3125 1214 3193 ad
1237 3147 1331 3195 omne
1355 3149 1457 3214 genus

268 3236 464 3322 ineptiarum
486 3242 562 3300 sunt
584 3232 725 3318 delapsi,
753 3239 790 3297 ut
816 3231 947 3317 linguae
964 3234 1205 3301 intermortuae
1224 3234 1383 3301 rationem
1400 3256 1458 3322 po-

267 3341 343 3429 pulo
363 3349 396 3406 et
419 3339 502 3426 plebi
531 3337 762 3414 obtruderent,
786 3358 881 3423 quom
906 3338 969 3423 ipsi
998 3360 1059 3403 ooo
1088 3338 1165 3403 satis
1187 3338 1356 3425 diligenter
1377 3351 1457 3407 teoc-

268 3448 351 3513 bont.
398 3445 617 3513 Grammatico
638 3464 691 3511 ars
715 3449 748 3509 et
776 3443 890 3509 critica
919 3443 964 3509 ita
993 3455 1069 3509 sunt
1096 3450 1212 3510 natura
1232 3454 1456 3531 comparatae,

268 3561 323 3630 ut,
347 3553 376 3618 si
397 3570 490 3617 secus
508 3551 634 3623 utaris,
661 3550 694 3613 in
722 3548 861 3615 absurda
883 3549 993 3615 omnia
1016 3558 1131 3615 aucant
1151 3556 1183 3615 et
1203 3548 1397 3635 degenerent
1420 3556 1453 3619 in

267 3657 464 3725 malesanam
493 3654 666 3741 quamdam
698 3654 852 3734 ἀτεχνίαν
882 3661 915 3718 et
938 3654 1091 3734 depictor.
1138 3655 1224 3721 Bona
1248 3661 1357 3721 autem
1380 3676 1456 3741 pars

267 3782 398 3839 eorum,
421 3761 477 3846 qui
500 3760 622 3825 seriore
650 3764 754 3824 aetate
777 3756 988 3823 erammattci
1011 3756 1221 3836 dicebantur,
1247 3766 1333 3837 arte,
1357 3780 1455 3846 quam

267 3864 522 3954 profitebantur,
555 3880 722 3949 perperam
752 3869 785 3927 et
814 3868 1018 3947 praepostere
1048 3861 1240 3942 utebantur,
1268 3863 1395 3931 molesti
1423 3876 1456 3935 et

268 3970 369 4036 odiosi
400 3968 570 4035 verborum
595 3987 745 4035 censores
761 3975 794 4033 et
817 3966 971 4033 dictionis
1000 3966 1149 4051 probatae
1169 3976 1350 4047 exactores
1377 3971 1455 4043 dum

262 4077 326 4142 toti
342 4082 436 4141 eraut
455 4074 489 4139 in
508 4073 613 4140 verbis
634 4082 667 4143 et
689 4072 822 4161 syllabis
839 4079 873 4138 et
891 4072 1037 4159 apicibus
1049 4072 1214 4153 notandis,
1235 4073 1268 4141 id
1280 4077 1365 4161 quod
1385 4088 1455 4148 erat

265 4181 314 4247 rei
343 4186 456 4265 eaput,
487 4185 524 4244 ut
554 4187 642 4246 recte
672 4180 871 4264 cogitaretur
892 4186 926 4244 ct
945 4176 1032 4263 quod
1058 4186 1145 4245 recte
1162 4186 1247 4247 esset
1276 4182 1455 4267 cogitatum

266 4285 373 4353 verbis
401 4284 486 4370 aptis
508 4291 542 4350 et
568 4283 692 4350 idoneis
714 4282 899 4359 diceretur,
925 4283 1035 4349 nescio
1057 4283 1216 4369 quomodo
1240 4290 1454 4371 praeterride·

266 4400 345 4459 runt
366 4399 399 4457 et
425 4392 472 4456 sic
495 4388 626 4455 tandem
649 4389 839 4455 amiserunt.
889 4388 1011 4455 Rerum
1035 4387 1136 4472 igitur
1164 4396 1198 4456 et
1219 4395 1455 4464 sententiarum

267 4499 377 4584 inopes
404 4503 437 4561 et
472 4494 660 4561 ioculariter
695 4493 799 4578 ignari
832 4492 894 4559 boo
924 4512 1027 4559 unum
1059 4493 1260 4573 retinebant,
1293 4504 1328 4561 ut
1357 4501 1454 4569 verba

267 4609 435 4689 carperent
458 4609 491 4667 et
513 4621 589 4667 cum
614 4598 823 4667 barbarismis
848 4605 880 4664 ct
900 4598 1097 4665 soloecismis
1117 4598 1199 4665 bella
1216 4610 1364 4685 gererent
1384 4608 1453 4674 nul·

266 4708 313 4775 los
339 4708 489 4776 habitura
511 4704 703 4794 triumphos.
751 4705 894 4789 Castigat
923 4704 1061 4771 istorum
1092 4704 1228 4793 ineptias
1257 4724 1350 4793 saepe
1374 4709 1452 4794 Gan
