3767 5717
860 563 927 628 289

312 762 396 829 inter
421 783 454 827 se
481 757 616 838 diversi,
640 758 683 824 ita
702 755 917 849 boeqooque
936 759 969 823 in
991 779 1107 848 genere
1128 761 1187 828 alio
1211 763 1346 832 aliorum
1367 765 1481 835 condi·

312 869 358 933 tio
375 877 436 932 est:
460 866 494 930 in
516 863 585 930 aliis
604 863 745 954 plurima
763 862 957 930 emblemata
973 875 1062 944 sunt,
1078 866 1111 930 in
1131 866 1201 958 aliis
1219 869 1383 958 aliquanto
1399 895 1480 964 pau·

310 975 404 1039 ciora.
438 970 476 1035 In
497 969 659 1036 tsocmrn
677 981 749 1058 post
773 968 970 1035 Urbinotem
991 991 1094 1059 pauca
1109 987 1293 1062 supersunt,
1314 977 1346 1040 in
1367 978 1480 1046 Dano-

307 1097 433 1144 srumm
453 1088 525 1166 post
537 1076 738 1140 Patauinum
756 1073 778 1138 S
798 1087 845 1140 sat
863 1076 979 1154 molta,
999 1076 1032 1142 in
1045 1075 1211 1145 insenius
1230 1081 1379 1170 plurima.
1414 1086 1480 1152 Hs·

307 1201 459 1252 ltoltows
485 1179 597 1271 paucis
624 1180 831 1270 inquinatur,
869 1181 904 1246 in
934 1181 1157 1250 xrnornosrr
1187 1185 1351 1276 complura
1385 1205 1479 1277 sunt,

309 1292 536 1357 Tuccium!
561 1308 718 1377 perquam
747 1286 850 1353 multa
877 1286 1070 1354 deformant.
1123 1289 1233 1356 Pmro
1261 1291 1481 1384 compluscula

308 1397 423 1476 babet,
457 1391 588 1472 Licus,
619 1392 827 1484 quamquam
842 1391 1126 1482 depravatissimus-
1150 1419 1187 1462 er
1216 1419 1282 1462 uno
1307 1395 1480 1468 deterrimo

308 1500 428 1569 (lodice
459 1501 668 1591 depromptus
698 1510 759 1578 est,
791 1495 952 1590 perpauca
981 1511 1117 1567 tantum.
1164 1500 1202 1566 ln
1230 1503 1381 1571 Locutio
1407 1506 1480 1572 satis

306 1631 422 1699 magno
440 1607 533 1696 eopia
554 1616 602 1671 est
617 1605 861 1684 emblematum,
877 1607 910 1670 in
926 1606 1045 1696 quibus
1066 1619 1140 1673 sunt
1157 1609 1363 1677 insulsissima
1381 1635 1480 1703 quae·

306 1715 391 1781 dam.
425 1713 522 1778 Mutii
539 1713 640 1777 multa
660 1711 722 1776 iam
744 1709 957 1789 sustulerunt,
976 1713 1123 1780 meliores
1142 1713 1217 1780 libri
1236 1718 1329 1807 plura
1346 1718 1480 1794 danica·

307 1833 401 1899 runt,
428 1817 616 1884 novissimus
639 1815 783 1882 omnium
807 1816 985 1883 Bttmutts
1007 1819 1164 1908 quaedam
1187 1825 1328 1913 expulit,
1358 1825 1480 1915 ipsein

306 1923 523 2016 superioribus
541 1921 956 2001 nonnullaiam‘iudicaui,
975 1919 1065 1988 nunc
1079 1925 1173 2014 plura
1193 1929 1355 2020 colligam.
1387 1931 1480 1997 Prae·

305 2032 431 2097 mittam
459 2049 559 2118 pauca
587 2024 744 2116 quaedam
764 2047 802 2091 er
818 2024 985 2107 classicis,
1015 2029 1133 2095 deinde
1152 2033 1229 2121 quid
1252 2034 1396 2112 annsr
1417 2034 1480 2101 Go-

305 2135 392 2203 dices
406 2135 491 2200 boni
511 2133 643 2199 afferant
661 2131 813 2221 exemplis
832 2131 1061 2222 complusculis
1083 2138 1266 2222 ostendam,
1284 2157 1316 2208 et
1335 2142 1382 2208 sie
1401 2163 1480 2206 con·

305 2245 451 2309 firmatus
469 2248 610 2305 caeteras
628 2237 801 2303 fraudes'et
816 2235 959 2306 fallacias
976 2241 1151 2308 scribarum
1171 2256 1320 2336 retegam.
1350 2245 1480 2314 Sorac-

306 2367 379 2414 cms
397 2347 608 2433 fragmentum
627 2341 745 2431 legitor
764 2340 847 2432 apud
870 2343 998 2409 Aruns.
1018 2345 1077 2411 111.
1097 2370 1130 2437 p.
1153 2351 1195 2413 76
1213 2369 1242 2417 c.
1268 2359 1434 2436 Σοφοκλῆς
1449 2351 1480 2416 ἐν

307 2442 555 2527 Ἑλένηςριὶμρ
575 2451 724 2526 τροπικῶς
746 2448 790 2525 τῷ
816 2445 1014 2527 metense
1037 2449 1166 2526 diducat
1189 2455 1241 2516 ria
1268 2457 1386 2536 κιιρπὸν
1406 2453 1480 2519 ἑκά·

308 2573 399 2623 λεσεν
422 2551 526 2618 εἶπάν·
634 2544 637 2549 ⁴

672 2640 779 2706 πέπων
803 2640 894 2720 ἐρινὸς
921 2642 937 2672 ¹*
956 2641 971 2671 *
994 2642 1121 2722 ἀχρεῖος
1146 2643 1184 2710 ὤν

555 2750 585 2819 ἐς
609 2746 722 2826 βρῶσιν
745 2744 861 2816 ἄλλους
887 2743 1068 2827 ἐξερινάζεις
1092 2746 1195 2831 λόγῳ,

310 2876 434 2963 inquo
459 2870 532 2935 loco
559 2862 641 2931 nihil
661 2864 797 2944 excidit,
822 2863 874 2929 sed
896 2875 1007 2931 contra
1026 2852 1161 2956 pessime
1181 2870 1410 2962 interpolatum
1432 2887 1480 2941 est

308 2984 451 3061 ἀχρεῖος,
481 3001 498 3041 a
519 2973 626 3038 neseio
648 2993 713 3061 quo
740 2971 818 3036 olim
838 2970 1088 3061 superscriptum
1110 2975 1148 3040 od
1169 2979 1394 3067 explicandum
1416 2978 1481 3071 quo

309 3107 402 3152 sensu
420 3083 526 3148 πέπων
547 3078 637 3160 ἕρινός
664 3077 786 3142 dictum
811 3090 901 3142 osset.
930 3077 1028 3142 Poeta
1050 3078 1180 3146 dederat
1201 3084 1306 3148 πέπων
1333 3087 1425 3168 ἐρινὸς
1444 3088 1481 3151 ὤν

266 3219 275 3226 ·
309 3198 327 3279 ῃ
351 3194 404 3262 Ἐς
426 3189 539 3268 βρῶσιν
564 3185 681 3255 ἄλλους
703 3183 886 3266 ἐξερινάζεις
906 3183 1005 3265 λόγῳ,
1030 3184 1061 3249 id
1086 3198 1134 3251 est
1153 3193 1278 3271 φαῦλος
1303 3185 1340 3255 ὢν
1363 3189 1480 3264 ἄλλους

310 3295 532 3377 monentem,
569 3291 609 3356 ad
650 3314 747 3381 quam
782 3291 882 3380 ipsam
916 3292 1095 3381 analogiam
1132 3294 1263 3361 verbum
1298 3297 1480 3381 ἐξερινάζειν

309 3398 486 3488 Sophocles
505 3397 615 3463 finxit.
662 3397 699 3460 ln
728 3396 899 3486 splendido
926 3399 1067 3463 carmine
1089 3400 1264 3489 Euripiden
1285 3402 1371 3492 apud
1395 3404 1481 3468 Poa-

310 3523 407 3571 ttttttt.
428 3504 469 3568 de
491 3503 622 3568 Abstru.
649 3499 694 3564 lv
717 3503 736 3586 §
762 3502 817 3566 19.
839 3523 900 3589 pro

301 3631 306 3638 ·
375 3637 379 3647 ·
600 3610 828 3683 Φιινικιγενοῦς
851 3605 956 3668 τέκνον
979 3608 1127 3688 Εὐρώπης

447 3750 450 3758 ,
558 3743 561 3749 ¹
600 3710 653 3774 καὶ
676 3713 730 3774 ποῦ
755 3708 901 3787 μεριὶλον
926 3711 1040 3786 Ζηνὸς,
1065 3709 1209 3779 ιέννὶσπων

650 3815 795 3895 «Κρήτης
818 3815 1128 3897 ἑκιιτομππολιέθριν.
1183 3833 1185 3837 ’
1254 3813 1257 3820 ’

300 3921 534 3991 circumfertur
557 3919 641 4012 apud
665 3940 775 3984 omnes
796 3919 953 3984 insulsum
978 3921 1138 3987 emblema
1163 3936 1194 3989 et
1219 3925 1263 3990 sic
1286 3927 1392 3994 editur

600 4031 827 4103 Φιινικιγενοῦς
855 4026 933 4113 [πιιῑ
953 4034 1009 4100 τῆς
1032 4029 1165 4117 Τνρίιις]

600 4131 705 4195 τέκνον
727 4130 874 4211 Εὐρώπης
897 4131 970 4196 κπὲ.’Ι

355 4238 393 4303 In
423 4237 608 4302 JIellem'cis
632 4234 684 4299 Vl.
702 4228 736 4302 t.
757 4239 811 4301 37.
833 4229 965 4300 Cliteles
990 4235 1173 4304 Corinthius
1192 4240 1237 4305 sio
1260 4241 1352 4309 verba
1375 4243 1481 4310 lacere

236 4385 242 4395 ·
309 4331 443 4433 incipite
466 4341 555 4406 tunt
579 4345 686 4406 πιιῦνιι
711 4342 789 4419 μὲν,
806 4336 828 4404 ὦ
847 4340 954 4422 ἄνδρες
976 4345 1146 4421 Ἀθηιιιῖιι,
1168 4344 1239 4417 ἴσως
1258 4348 1478 4429 insiticiam,

308 4450 389 4522 τίνες
413 4442 501 4521 -ἦσιιν
529 4447 555 4510 oi
584 4443 736 4526 ἄρξαντες
767 4447 904 4525 ἀδικεῖν,
936 4447 1048 4514 moltis
1076 4451 1208 4515 saeculis
1238 4463 1311 4541 post
1341 4464 1478 4542 mortens

312 4553 545 4618 Xtttot‘nonals
574 4551 732 4644 adscripta
759 4565 832 4617 sunt
857 4553 952 4618 uerba
978 4555 1059 4627 rium
1085 4550 1163 4629 siout
1189 4561 1214 4622 oi
1239 4556 1478 4638 epternacen-

313 4668 388 4726 κεῖν.
416 4658 456 4725 st
476 4659 584 4728 dixero
603 4660 711 4749 inepte
731 4657 894 4726 abundare
918 4653 1124 4749 nihilagom,
1144 4673 1177 4728 et
1195 4659 1305 4731 multis
1321 4662 1430 4730 modis
1444 4663 1479 4729 id
