3767 5717
700 1321 1117 1433 PRAEFATIO.

831 1716 989 1727 ——a-n—

380 2009 515 2086 nNulla
534 2010 634 2085 facile
659 2032 716 2085 ara
741 2034 781 2085 ac
807 2008 990 2109 disciplina
1014 2008 1095 2110 plus
1119 2010 1173 2086 vel
1196 2010 1345 2086 invidiae
1367 2012 1421 2088 vel
1444 2010 1496 2084 in·

329 2139 453 2215 tumme
479 2139 630 2238 suscepit
652 2162 759 2237 quam
779 2163 869 2237 quae
892 2164 915 2212 a
937 2140 1116 2237 primario,
1142 2140 1238 2239 quod
1256 2140 1293 2215 in
1315 2136 1500 2213 iudicando

323 2268 496 2357 demitur,
530 2292 674 2343 munere
703 2268 834 2342 Critiae
864 2268 1092 2367 appellatur.”
1143 2270 1294 2348 Centum
1320 2268 1390 2342 fere
1416 2267 1500 2341 anui

328 2403 430 2485 sunt,
455 2420 500 2469 eu
524 2421 595 2495 quo
616 2397 864 2471 Runuunruus
890 2396 945 2470 his
972 2398 1086 2472 verbis
1108 2398 1394 2473 Hausnunnusu
1414 2398 1499 2469 mo-

318 2528 413 2624 piam
441 2550 582 2599 exorsus
613 2532 685 2613 est,
711 2526 861 2599 necdum
886 2525 991 2624 longa
1017 2526 1090 2600 dies
1113 2552 1272 2626 perversa
1296 2526 1425 2599 iudicia
1454 2523 1499 2596 de

324 2659 399 2725 arte
434 2678 505 2725 uua
534 2654 692 2725 omnium
720 2652 1016 2750 praestantissima
1046 2680 1089 2727 ex
1118 2655 1339 2752 popularium
1365 2658 1498 2735 nostro·

323 2804 404 2854 rum
425 2778 550 2853 animis
577 2780 715 2857 exemit.
765 2778 976 2853 Etiamnunc
1003 2806 1091 2879 opus
1116 2789 1169 2855 ast
1190 2774 1283 2868 illis,¹
1305 2780 1367 2877 qui
1394 2777 1498 2853 Criti-

322 2930 385 2981 eaa
410 2904 616 3004 dignitatem
641 2914 677 2979 et
695 2905 841 3005 gloriam
861 2903 1038 2983 vindicent
1057 2915 1111 2996 et,
1137 2914 1178 2981 ut
1200 2904 1349 2981 suaviter
1369 2906 1497 2979 Ruun-

327 3058 462 3109 numos
481 3032 588 3121 dixit,
613 3036 834 3111 uocatam
868 3042 1038 3110 tuamor.
1084 3034 1295 3109 Etiamnunc
1314 3033 1497 3108 hominum

324 3163 409 3236 vitia
431 3162 477 3236 ud
500 3162 612 3261 ipsam
641 3170 751 3236 urtam
777 3162 1008 3237 traducuntur
1035 3170 1073 3237 et
1101 3164 1231 3237 Oritica
1257 3164 1363 3237 modo
1389 3170 1496 3237 teme·

178 3327 180 3329 ’
234 3292 240 3298 ”
324 3291 437 3365 uitatis
460 3301 496 3363 et
516 3290 680 3364 audaciae
704 3298 835 3379 mater,
860 3292 966 3364 modo
993 3292 1176 3391 nugatoria
1201 3292 1410 3391 syllabarum
1435 3316 1496 3367 au·

324 3445 407 3518 ceps
441 3419 566 3493 dicitur
599 3427 635 3492 et
664 3419 822 3495 habetur.
874 3421 965 3493 Sunt
995 3420 1057 3519 qui
1080 3420 1289 3519 praeclaram
1313 3444 1387 3495 ram
1413 3418 1497 3493 iocis

324 3546 527 3644 facetiisque
558 3540 780 3621 ludificentur
811 3554 847 3621 ot
878 3548 1033 3625 criticam
1060 3548 1260 3623 facultatem
1285 3548 1418 3622 urbana
1444 3547 1496 3620 di·

322 3675 466 3766 cecitate
487 3674 630 3747 eludant
652 3680 689 3747 et
708 3673 854 3749 rideant.
904 3676 1019 3750 Facile
1044 3675 1187 3749 ferimus
1209 3683 1245 3749 et
1265 3698 1335 3748 non
1353 3674 1495 3773 illepide

322 3824 379 3875 res
414 3809 468 3874 est
495 3802 706 3875 adversarios
734 3800 862 3875 habere
892 3810 964 3876 tarn
993 3802 1166 3877 ridiculos.
1216 3802 1288 3875 Alii
1315 3808 1427 3875 aetate
1459 3808 1495 3875 et

320 3928 463 4027 ingenio
492 3928 662 4027 graviores
689 3928 905 4028 ingeniosam
927 3956 1003 4005 ram
1026 3954 1103 4005 essa
1126 3930 1311 4029 opinantur
1334 3937 1375 4003 et
1395 3954 1494 4005 meu·

321 4057 367 4130 tis
392 4057 617 4155 agitationem
643 4082 713 4131 non
740 4053 901 4136 inutilem
925 4059 1065 4147 afferre,
1099 4059 1161 4133 sed
1190 4058 1278 4132 nihil
1302 4056 1397 4156 quod
1419 4080 1492 4132 cer·

318 4193 395 4259 tum
427 4193 464 4258 et
485 4186 699 4284 exploratum
729 4187 775 4259 sit
804 4212 922 4292 parere
949 4212 1067 4285 possa3
1100 4187 1218 4285 itaque
1247 4191 1490 4259 ornamentum

319 4314 431 4413 magis
461 4322 498 4387 et
526 4314 818 4389 oblectamentum
848 4340 925 4389 esse
957 4314 1158 4389 homiuibus
1192 4308 1324 4413 ingenii
1351 4314 1489 4412 elegen·

317 4441 432 4529 tiaris,
463 4466 570 4539 quam
605 4442 769 4516 omnibus
792 4443 1005 4541 praeclarum
1032 4449 1068 4517 et
1091 4467 1231 4541 prorsus
1257 4439 1489 4517 necessarium

317 4569 517 4668 disciplinae
546 4569 748 4647 Litterariae
779 4570 992 4670 praesidium
1022 4580 1059 4645 et
1078 4562 1342 4644 adiumentum.
1399 4568 1489 4642 Aliis

176 4686 180 4694 ⁸
319 4696 469 4796 denique
498 4722 553 4771 res
583 4704 637 4772 est
662 4699 766 4797 plena
789 4697 983 4774 formidinis
1002 4705 1044 4772 -et
1069 4697 1293 4797 suspicionis,
1324 4697 1386 4796 qui
1413 4692 1487 4768 cri·

316 4822 419 4899 ticam
453 4839 564 4900 artem
598 4826 849 4927 propemodum
884 4822 1051 4919 oderunt
1085 4828 1202 4904 omnia
1230 4818 1490 4927 quaererem
1559 4872 1560 4877 Ν
