3767 5717
975 610 1040 674 186

420 808 478 876 illo
509 806 628 876 Codice
653 818 752 885 esset,
776 806 893 872 frustra
911 814 1018 871 essent
1041 800 1224 893 quaesituri.
1272 798 1379 867 Verba
1397 803 1515 867 summi
1536 803 1598 870 viri

421 916 502 981 haec
530 926 604 980 suut
632 914 665 978 in
688 912 945 979 Dassertela'nne
964 910 1005 974 de
1028 906 1175 974 Scholiis
1196 910 1233 971 in
1250 904 1436 971 Homerum
1455 908 1598 976 ineditis

420 1048 451 1115 p.
475 1026 565 1103 134„
581 1019 638 1085 ubi
668 1018 799 1085 Scholia
828 1016 995 1107 complura
1015 1026 1219 1106 apposuerat,
1244 1036 1382 1103 quorum
1403 1026 1515 1080 auctor
1535 1026 1597 1081 Σε-

422 1127 590 1208 υυχειρίμ,
615 1124 836 1207 Σευκχκρει’,κ,
860 1124 1064 1202 Σεοκχειρῆμ
1084 1121 1117 1185 in
1137 1118 1286 1184 Leidensi
1306 1116 1425 1184 Codice
1443 1118 1596 1209 perhibe-

424 1244 522 1297 retur.
554 1229 766 1305 »Pervelim·,
790 1228 911 1318 inquit,
930 1236 968 1291 ut
986 1231 1063 1315 quis
1083 1249 1134 1291 me
1152 1227 1327 1316 quidpiam
1345 1227 1386 1290 de
1405 1230 1471 1289 islo
1490 1226 1599 1291 Senn-

422 1338 547 1403 elu'rido
574 1336 797 1420 edocefaciat,
829 1335 948 1422 quibus
976 1336 1016 1397 in
1040 1338 1112 1398 eris
1132 1342 1164 1397 et
1185 1356 1249 1421 quo
1271 1338 1430 1422 temporis
1452 1334 1599 1398 artc'mclo

423 1432 553 1510 saecule
572 1459 621 1507 ΧΗ
640 1464 687 1505 en
705 1458 767 1505 xt11
785 1444 926 1515 m'verr't;
948 1440 1010 1503 sed
1023 1438 1122 1503 credo
1139 1437 1289 1526 equidem
1297 1440 1474 1526 plerusque
1493 1444 1599 1504 cmm'-
1708 1505 1711 1515 ,

423 1554 501 1628 dus,
533 1551 605 1613 κίοι·
624 1551 658 1610 si
675 1549 738 1635 qui
758 1543 909 1611 Cudz'eem
933 1548 1122 1609 tractariut
1142 1544 1357 1622 heidemsem,
1391 1544 1601 1610 Grammati-

423 1656 658 1743 eumpem'tus
689 1642 762 1715 esse
789 1651 1011 1716 inauditum”.
1060 1649 1168 1715 Nemo
1203 1648 1328 1729 adhuc,
1368 1650 1455 1739 quod
1487 1652 1602 1728 sciam,

425 1756 609 1849 respondit,
644 1780 716 1821 nam
749 1757 835 1846 quod
867 1756 952 1845 apud
983 1755 1159 1821 Lnuustuu
1183 1767 1230 1819 est
1250 1757 1292 1820 de
1309 1757 1513 1823 Aristarchi
1532 1767 1604 1822 stu·

386 1886 388 1889 ·
426 1866 494 1930 diis
505 1866 693 1928 Homericis
711 1886 742 1951 p.
755 1867 808 1940 37,
826 1861 926 1926 videri
938 1858 1175 1939 Herlibouum,
1191 1858 1224 1924 id
1244 1875 1292 1927 cst
1309 1860 1550 1940 (insenuerunt,
1567 1863 1602 1927 in

427 1994 465 2035 eo
487 1970 616 2035 nomine
636 1968 821 2033 delitescere
840 1990 899 2057 per
917 1967 1026 2031 iocum
1048 1966 1079 2030 in
1099 1966 1266 2031 Arabicam
1287 1967 1428 2055 linguam
1450 1990 1604 2033 converso

425 2076 536 2140 infelix
556 2086 603 2141 est
625 2074 807 2139 coniectura
827 2072 969 2137 ludentis
989 2070 1022 2135 in
1044 2094 1078 2137 re
1094 2072 1244 2137 omnibus
1263 2074 1389 2161 ignota,
1405 2086 1436 2138 et
1458 2076 1603 2163 inspecto

427 2180 546 2247 Codice
569 2180 718 2246 iocularis
746 2178 825 2244 haec
848 2176 957 2268 opinio
979 2188 1045 2256 est,
1074 2174 1362 2268 namqne‘duobus
1383 2179 1450 2243 sere
1470 2180 1604 2245 saeculis

425 2297 596 2374 antequam
619 2280 835 2349 Cussuucuns
857 2280 1015 2349 natusest
1035 2282 1114 2349 haec
1134 2285 1249 2374 scripta
1271 2306 1337 2349 esse
1358 2280 1501 2374 apparet.
1534 2284 1603 2350 No·

426 2390 496 2455 titia
510 2390 610 2479 ignoti
622 2388 828 2455 Grammatici
841 2412 857 2454 e
870 2387 989 2457 Codice
999 2386 1197 2454 Florentino
1209 2389 1288 2455 haec
1300 2390 1418 2480 prodit.
1443 2390 1602 2456 Mtcusut.

425 2496 637 2563 Saraucarum
654 2496 831 2585 imperante
856 2495 1039 2561 Tuaonouc
1060 2495 1157 2562 Duce
1177 2496 1325 2565 Luscum
1346 2498 1400 2583 (ab
1417 2501 1601 2581 ann01255

424 2602 588 2689 ad1259)
623 2602 760 2667 Nicaeae
790 2602 901 2668 docuit
930 2600 1122 2668 rhetoricam
1151 2615 1182 2667 et
1211 2603 1334 2693 pcc'sin.
1384 2604 1440 2669 Est
1460 2603 1545 2668 enim
1568 2603 1602 2668 in

425 2706 543 2775 Codice
564 2707 643 2773 folio
667 2711 708 2772 10
730 2730 806 2774 vers.
856 2707 1016 2797 Epistola,
1050 2730 1148 2797 quam
1175 2707 1354 2797 Imperator
1378 2708 1417 2773 ad
1439 2707 1604 2773 Professo-

425 2836 492 2879 rem
514 2812 618 2892 dedit,
638 2836 737 2903 quum
759 2814 788 2878 ei
808 2813 891 2878 filios
912 2814 945 2880 in
967 2813 1170 2904 disciplinam
1189 2815 1376 2881 remitteret.
1401 2814 1602 2881 luscribitur:

423 2926 477 2985 σοῦ
511 2918 697 3003 σοφωτάτου
727 2918 887 2998 βασιλέως
918 2923 1008 2999 κυροῦ
1042 2920 1194 2999 Θεοδώρου
1228 2922 1335 2983 Δουκοῖ
1368 2925 1422 2983 τοῦ
1456 2920 1603 3000 Λοὶοκοορι

423 3025 515 3105 ἑτέρου
550 3024 678 3097 εὀιιςολῆ
713 3028 879 3104 γραφεῖσαι
913 3023 987 3101 ιιρδς
1021 3022 1092 3093 τοὺς
1123 3023 1211 3086 aare
1245 3023 1384 3088 Νίκοοικυ
1414 3024 1604 3103 ἐλλογίμους

423 3124 630 3197 διδκοκοὶλους
655 3132 711 3198 τῆς
732 3128 888 3205 ῥητορικῆς
914 3123 1061 3211 σείπκροδ
1086 3126 1176 3206 μέρος
1200 3126 1253 3190 uui
1280 3134 1337 3200 τῆς
1363 3135 1522 3203 ποιητικῆς
1548 3129 1602 3192 riu

426 3229 630 3309 Σευοοχῆρεὶμ
659 3232 742 3307 κῦριυ
771 3228 911 3307 Μιχοοῆλ
941 3228 995 3293 uel
1023 3230 1076 3293 riu
1103 3235 1188 3310 κῦριυ
1213 3230 1401 3310 Ἀυδρουικου
1421 3233 1474 3297 riu
1497 3240 1604 3313 Φροογ-

427 3333 581 3411 adauctas
603 3328 654 3394 irs
675 3330 710 3407 ἐξ
729 3333 829 3394 etrus
853 3333 926 3412 προς
948 3334 1044 3398 mairiu
1068 3334 1198 3407 οέυῆλθοι
1219 3337 1245 3399 οἱ
1266 3337 1396 3411 σκῑδες,
1421 3335 1607 3419 ε’ςροὶφκοοιυ

429 3437 461 3501 δὲ
484 3438 558 3516 παρ’
581 3436 677 3499 κὺτοῦ
707 3434 757 3498 out
776 3435 915 3518 ,κλείουσι
943 3435 1201 3514 pollueremini}
1225 3441 1277 3512 εἰς·
1292 3441 1349 3515 τῆν
1373 3442 1504 3520 σχολῆυ.
1549 3440 1607 3507 lu·

433 3540 512 3631 cipit
532 3538 674 3629 Epistola
695 3538 728 3603 in
748 3537 837 3604 hunc
856 3539 1005 3606 modum:
1031 3543 1133 3607 Οὐδὲν·
1148 3540 1249 3624 ἕτερου
1272 3542 1328 3618 τῆν
1348 3549 1403 3609 τοῦ
1427 3551 1605 3627 φυτουργοῦ

431 3646 589 3728 εὐφροοιύει
615 3646 723 3726 maxim
749 3644 765 3722 ῆ
790 3646 825 3710 τὸ
856 3645 927 3726 dmin
950 3648 1003 3711 σδυ
1030 3648 1139 3712 οἰκεῖον
1161 3650 1302 3726 λειμῶιοο
1326 3649 1540 3728 εὐθηνούρκευοι
1568 3674 1606 3716 σε

434 3751 486 3816 uui
509 3749 677 3815 θάλλουσκ.
705 3747 821 3835 deinde
840 3761 914 3839 post
934 3750 1053 3815 multas
1074 3750 1222 3839 ambages
1240 3763 1272 3817 et
1289 3751 1409 3817 fastidii
1423 3766 1455 3819 et
1473 3776 1610 3821 nauseae

434 3857 562 3945 plenam
583 3855 823 3944 loquacitatem:
844 3855 987 3937 ἑωράκειν
1010 3856 1073 3937 γὰρ
1094 3858 1155 3935 ἐγὼ
1174 3857 1236 3921 ruri
1256 3856 1305 3929 οὓς
1325 3860 1361 3923 ἐκ
1380 3868 1437 3933 τῆς
1459 3863 1537 3939 ἐμῆς
1555 3888 1612 3929 aa.

432 3962 532 4035 θείσῆς
564 3966 684 4039 σχολῆς
715 3962 745 4025 ἑο
770 3971 808 4042 τῆ
837 3961 981 4026 Νικκέυυ
1009 3963 1026 4037 ῆ
1053 3961 1203 4035 υικοσοιός
1224 3986 1284 4041 μου
1309 3966 1377 4030 τὸυ
1392 3966 1486 4045 λόγου
1515 3968 1606 4041 πόλις

433 4063 596 4141 ἕβλοὶςκσε
613 4061 666 4125 uui
686 4062 938 4142 ῆγοιλλικοοὶμιρυ
959 4067 997 4136 ὠς
1019 4067 1214 4148 Φυσουργός,
1241 4068 1359 4135 deinde
1377 4094 1410 4136 se
1428 4071 1609 4139 litterarum

437 4167 540 4234 studia
568 4166 746 4255 numquam
767 4167 928 4257 negligere
952 4170 1115 4260 praedicat
1136 4195 1330 4265 quamquam
1351 4160 1487 4268 negotiis
1506 4179 1611 4268 pluri-

436 4274 496 4340 mis
517 4272 702 4339 destrictum
722 4285 754 4339 et
774 4274 948 4341 exercitum
966 4278 1052 4343 curis
1074 4278 1125 4343 iul
1140 4279 1200 4352 τὰς
1220 4280 1282 4347 ἄνω
1302 4283 1389 4349 urire
1407 4284 1608 4363 asperaceler

433 4380 563 4455 ςοέσεσι,
596 4378 740 4461 uixere,
768 4378 944 4454 ἐιςοίσεσιυ,
975 4382 1198 4459 durissimam,
1229 4388 1302 4458 τοῖς
1331 4392 1391 4452 σῶν
1419 4384 1604 4465 ὁμορούυσυι

434 4488 466 4552 δὲ
493 4484 665 4564 denisium,
695 4491 768 4554 τκῑς
797 4488 855 4547 σῶν
881 4484 1107 4567 ducentesima
1137 4490 1351 4569 κοοσοοδρομοοῖς
1378 4489 1431 4552 κιο)
1456 4496 1520 4560 σοῖς
1545 4486 1606 4555 ἄλ-

432 4604 514 4664 λοις,
538 4585 581 4660 οἷς
605 4588 641 4662 δῆ
665 4588 682 4663 ῆ
706 4590 760 4653 σοῦ
783 4593 880 4653 κοινοῦ
904 4592 1087 4672 surripuere
1111 4595 1197 4672 ῆμοῖς
1219 4592 1393 4669 {aridulam
1413 4591 1604 4678 ῆυοὲγκοιζει.

437 4693 579 4760 Tandem
598 4704 671 4784 post
692 4715 790 4761 noras
808 4693 955 4785 ambages
974 4695 1151 4787 Epistolam
1172 4697 1214 4761 ita
1232 4694 1415 4778 concludit,
1430 4700 1465 4765 u't
1481 4710 1606 4789 utrum·
