3767 5717
996 601 1062 666 896
1086 619 1093 626 ’

453 795 590 863 nificum
621 791 750 859 dicendi
772 813 872 882 genus
900 813 937 858 er
961 791 1109 858 omnibns
1134 787 1291 856 dialectis.
1336 786 1438 855 liores
1456 788 1522 864 icor
1539 790 1651 859 dice-

457 903 537 967 bant
592 912 623 965 at
650 900 860 964 Pn1nonssns
880 899 911 962 ἐν
931 897 1071 982 Δείπνῳ,
1094 896 1210 962 Dorico
1232 895 1389 975 carmine,
1415 894 1462 985 (in
1483 897 1649 964 Bnncrrn

459 1007 544 1074 Poet
563 1005 645 1093 Lyr.
664 1029 696 1095 p.
715 1006 795 1092 852)
818 1003 914 1068 dixit:
939 1000 1139 1083 ἰσοτράπεζος
1157 1001 1261 1090 prima
1279 998 1387 1064 ionice
1405 999 1585 1089 producta,
1606 1015 1649 1069 et

449 1111 504 1178 -sic
519 1110 636 1176 caeteri
652 1109 780 1176 brevem
796 1108 987 1198 plerumque
999 1105 1204 1194 relinquunt,
1215 1117 1248 1170 at
1262 1105 1367 1173 sicubi
1376 1105 1503 1172 videtur
1517 1107 1647 1174 eadem

457 1214 554 1304 longa
582 1217 756 1293 Ὁμηρικῶς
785 1212 833 1276 uti
862 1221 1004 1302 possunt.
1051 1209 1113 1292 Qui
1133 1210 1212 1276 olim
1232 1210 1479 1276 intermortuam
1498 1211 1645 1301 Epicam

458 1319 572 1410 poisin
608 1329 640 1382 et
673 1318 840 1407 antiquam
880 1315 1024 1406 linguam
1058 1327 1167 1382 ratum
1201 1315 1387 1382 ionicorum
1422 1315 1645 1384 Alexandriae

458 1435 648 1492 receserunt
677 1435 708 1488 et
735 1424 796 1512 ipsi
824 1422 929 1488 omnia
951 1421 1211 1488 contaminarunt
1231 1434 1264 1487 et
1283 1443 1385 1512 quum
1405 1422 1644 1489 versificatores

459 1541 581 1608 essent,
606 1551 671 1594 non
692 1528 829 1607 Poiitas,
853 1527 970 1618 quibus
990 1549 1095 1616 neque
1114 1526 1277 1616 ingenium
1295 1539 1394 1605 esset,
1416 1548 1523 1618 neque
1542 1550 1642 1593 mens

459 1634 615 1710 divinior,
647 1655 752 1723 neque
781 1632 868 1698 dires'
898 1655 995 1711 vens,
1028 1654 1135 1721 neque
1167 1654 1202 1696 os
1219 1654 1336 1720 magna
1358 1643 1562 1711 sonaturum,
1584 1633 1640 1698 in-

459 1738 543 1803 sulsa
563 1735 703 1802 carmina
722 1747 902 1825 punxerunt
919 1735 1055 1802 ridiculo
1073 1757 1219 1808 sermone
1235 1735 1353 1824 partim
1367 1736 1472 1826 pris'co
1490 1749 1523 1802 ct
1541 1759 1639 1804 casco

458 1841 576 1933 partim
600 1827 799 1930 sequioribus
821 1841 905 1907 vitiis
925 1840 1052 1929 polluto
1073 1826 1233 1908 laboriose
1253 1840 1480 1907 consarcinata.
1527 1842 1641 1908 Etiam

460 1947 494 2010 in
528 1946 676 2036 prosodia
711 1947 819 2014 omnia
854 1968 972 2036 susque
1001 1944 1106 2034 deque
1135 1943 1328 2010 habuerunt.
1382 1941 1457 2009 Non
1484 1944 1640 2012 dubitant

460 2050 599 2132 scribere
616 2049 666 2116 ‘roi
683 2053 727 2130 μὴ
748 2051 835 2117 κοινοὶ
855 2051 943 2116 κοινοὶ
966 2050 1148 2132 rictorem,
1169 2061 1202 2115 et
1223 2048 1287 2118 ἴσον
1310 2046 1407 2119 κάτω,
1419 2044 1484 2115 ἴσον
1502 2049 1635 2127 ἄνωθεν,

465 2154 627 2243 (Tnnocn.
651 2153 705 2220 VI.
734 2159 785 2220 19.
809 2166 841 2220 et
865 2153 954 2220 VIII.
981 2155 1046 2242 19.)
1070 2164 1119 2219 ct:

684 2260 823 2342 πρέσβυν
845 2259 909 2326 ἴσον
933 2259 1048 2341 κούροιν
1073 2255 1137 2326 ἴσον
1162 2257 1279 2324 ἁδόντα
1302 2259 1418 2342 ον’ρνννς.
1444 2297 1447 2304 -

463 2364 611 2454 (Anthol.
641 2364 761 2432 Graec.
775 2363 912 2430 uoces.
933 2363 996 2432 rol.
1019 2362 1072 2428 tv,
1095 2388 1126 2453 p.
1148 2365 1241 2449 229).
1289 2362 1546 2444 Gstnmouos,
1573 2386 1638 2432 cu·

461 2469 511 2534 ius
540 2471 694 2536 immensa
722 2468 860 2537 eruditio
888 2468 1013 2536 laudari
1040 2479 1073 2534 et
1101 2467 1214 2535 extolli
1240 2468 1335 2547 solet,
1357 2469 1502 2536 >scribere
1528 2469 1637 2559 potuit

465 2573 590 2664 (fragm.
615 2575 710 2662 313):
1587 2555 1593 2571 '

686 2679 801 2746 πὲδνλο
823 2678 867 2744 τὰ
890 2679 934 2756 μὴ
959 2679 1041 2750 rro'os
1065 2679 1199 2759 νήχννος
1223 2677 1333 2759 εὐρώς,

463 2805 530 2849 non
552 2783 735 2850 recordatus
760 2784 794 2848 in
816 2783 913 2850 serbo
936 2783 1020 2848 strido
1040 2795 1073 2848 et
1095 2781 1254 2872 quidquid
1272 2781 1348 2848 inde
1365 2782 1506 2848 nascitur
1524 2805 1541 2846 ν
1558 2804 1635 2872 pro·

464 2886 598 2954 ductum
628 2913 703 2956 csse.
753 2887 831 2972 Quis
858 2887 960 2952 nescit
988 2887 1156 2952 Homerica
1179 2888 1257 2958 ὀςέο
1282 2889 1375 2954 πύσει
1400 2886 1530 2969 doeens,
1558 2888 1633 2957 δςέο

463 2993 596 3058 arrideret
624 2992 747 3074 ὄμβρῳ,
774 2991 913 3058 etalio?
961 2989 1204 3057 thntuscuus
1231 2990 1329 3080 igitur
1348 2987 1413 3065 ἶσος
1434 3002 1468 3057 et
1492 2990 1555 3066 ἴσος
1577 3013 1633 3058 suo

468 3097 598 3164 arbitrio
617 3097 804 3189 permiscet,
828 3096 1001 3186 scribitque
1025 3096 1222 3187 promiscue:

687 3201 802 3282 ννίθνίρς
826 3197 883 3266 ἴσον
908 3203 1149 3281 θολοσοοπορεῖ.

624 3313 626 3320 ’
687 3305 777 3371 σάκει
802 3293 857 3370 ἴον
881 3304 1081 3386 reconderis.
1135 3321 1139 3328 '
1217 3372 1221 3378 ,
1247 3317 1274 3351 .-

655 3397 657 3402 ’
688 3410 788 3484 κοινὴν
811 3409 1013 3480 Ἀντνῗκλενον
1036 3409 1100 3476 ioco
1122 3409 1261 3493 Φοέεοοι
1283 3415 1420 3494 Ostiam

689 3517 768 3581 reios
791 3514 867 3592 μὲν,
892 3516 925 3581 οὐ
949 3512 1044 3596 μέλον
1067 3516 1093 3580 δ’
1116 3511 1192 3582 ires.

451 3631 499 3686 ‘ct
517 3616 657 3701 ψαμάθῳ
677 3617 745 3685 ἴσον.
762 3630 795 3683 et
813 3615 915 3699 ἔχθενν
940 3616 1005 3684 ἶσον
1028 3619 1155 3702 ὀλέθρῳ,
1187 3642 1271 3710 quac
1289 3620 1443 3710 leguntur
1459 3621 1496 3686 in
1512 3619 1632 3711 lt'pcgr.

433 3734 439 3748 '
469 3727 532 3803 62,
565 3724 598 3788 in
626 3723 730 3790 Biora
753 3729 795 3790 53
815 3735 847 3789 ct
868 3727 953 3822 211,
981 3725 1015 3790 in
1040 3725 1153 3794 Iovem
1173 3733 1233 3807 85,
1264 3727 1299 3792 in
1319 3727 1529 3794 Dianio&
1550 3729 1631 3794 etin

452 3832 590 3919 fragm.
609 3832 682 3896 118.
708 3827 928 3896 Cssntrmcno
938 3830 1057 3896 'nullus
1072 3843 1119 3896 est
1135 3831 1335 3920 reliquorum
1351 3831 1387 3898 in
1401 3831 1518 3898 tatibus
1531 3833 1631 3920 multo

467 3934 582 4000 melior
602 3947 656 3999 aut
676 3936 826 4026 antiquae
846 3934 974 4024 linguae
996 3947 1028 4000 et
1046 3935 1215 4026 prosodiae
1234 3937 1386 4028 peritior..
1423 3935 1542 4004 Omnes
1558 3956 1631 4029 pcc·

467 4051 561 4118 cant,
585 4063 694 4105 omnes
714 4063 824 4130 saepe,
851 4063 960 4106 omnes
979 4042 1124 4132 turpiter.
1153 4040 1348 4122 Ntcsnottn,
1372 4043 1430 4133 qni
1447 4043 1510 4108 sibi
1529 4041 1631 4110 lonico

361 4163 364 4168 ’
468 4144 595 4210 videtur
622 4145 759 4212 scribere
788 4155 819 4210 et
848 4143 1021 4238 Hounnnrr
1048 4146 1203 4212 aemulari
1229 4147 1457 4215 et'Theriaco
1474 4148 1632 4218 concludit

470 4249 519 4316 his
544 4251 703 4319 versibus:
833 4327 834 4332 γ

602 4357 657 4422 κοί
679 4382 730 4422 κεν
755 4356 971 4438 Ὀρονρείννο
995 4358 1048 4424 usi
1072 4358 1167 4424 εἱοὲτν
1189 4358 1370 4442 Νικάνδρννο

601 4469 712 4540 μνῆςνν
737 4461 839 4543 ἔχοις,
864 4462 917 4526 τὸν
941 4460 1050 4544 ἔθρεψε
1074 4462 1196 4544 Κλάρον
1220 4463 1375 4546 redderes
1398 4467 1546 4548 πολίχνη.

472 4579 579 4634 tamen
608 4567 725 4658 passim
753 4569 785 4632 in
811 4565 961 4658 prosodia
986 4564 1094 4633 ionica
1121 4573 1156 4633 'et
1187 4570 1319 4637 omnino
1346 4571 1465 4637 Graeca
1493 4570 1633 4662 impingit

471 4684 525 4738 aut
557 4673 755 4764 corripienda
786 4672 966 4764 producens
996 4686 1051 4739 ant
1082 4675 1256 4765 corripiens
1283 4675 1500 4766 producenda.
1549 4674 1633 4744 Nunc
