3767 5717
977 631 1044 696 382

428 843 532 893 entur
549 822 730 890 restitutum
750 835 798 888 cst
818 823 851 889 in
868 822 1047 912 fragmento
1064 822 1151 915 opud
1171 823 1295 892 druto.
1316 826 1388 895 tttt.
1406 851 1438 918 p.
1457 830 1542 907 551,
1567 845 1614 906 ιι,

428 932 484 998 ubi
507 932 540 1000 in
564 931 748 1000 Marciano
771 929 882 996 codice
904 941 967 995 est:

671 1035 820 1116 εἱλθμεθα
842 1045 924 1119 serapi
949 1033 1118 1114 γενομένης
1141 1036 1312 1112 ε’κκλησιάς

673 1139 919 1219 οὐσημαίνοντας
945 1137 1130 1221 αΐδοφοθτας
1154 1140 1207 1206 καὶ
1231 1141 1321 1221 θαμὰ

673 1247 774 1312 ἐκεῖσε
798 1249 1068 1328 φιλοχωροῦντας.

428 1349 657 1442 plaudentibus
676 1353 824 1418 omnibns
838 1349 1022 1418 emendavit
1033 1347 1257 1415 Trnuurrros
1268 1347 1320 1438 (ad
1331 1348 1451 1416 Teosrr
1460 1348 1609 1418 Εοιεαιὶ.

430 1457 484 1521 tv.
502 1481 533 1547 p.
558 1458 636 1546 424)
657 1456 706 1531 οὓς
727 1456 825 1541 ᾖσμεν
848 1457 958 1534 ὄντας,
982 1479 1019 1521 ex
1040 1477 1104 1545 quo
1126 1455 1198 1520 loco
1216 1456 1290 1521 satis
1307 1468 1441 1547 apparet
1458 1455 1515 1524 has
1534 1457 1608 1524 for·

428 1587 513 1642 mas,
538 1563 578 1628 de
598 1563 721 1654 quibus
735 1563 889 1642 dicimus,
912 1564 946 1629 in
965 1563 1153 1654 popularem
1173 1585 1352 1629 sermonem
1372 1575 1516 1654 receptas
1534 1586 1605 1632 esse

429 1680 461 1733 et
483 1671 627 1736 omniurn
645 1692 704 1736 usu
721 1670 817 1736 tritas.
846 1669 960 1760 Itaque
976 1668 1128 1736 Oratores¹
1139 1689 1271 1758 qnoque
1286 1668 1399 1734 iisdem
1414 1669 1606 1748 utebantur,

429 1773 519 1840 cuius
548 1775 594 1840 rei
624 1795 710 1840 nuno
737 1795 838 1840 unum
864 1786 989 1840 tantum
1009 1773 1166 1838 indicium
1187 1785 1220 1838 et
1240 1774 1421 1865 exemplum
1442 1786 1605 1866 superest,

429 1903 529 1970 quum
563 1880 639 1946 olim
669 1881 829 1971 permulta
859 1880 957 1946 fnisse
987 1879 1061 1946 eatis
1091 1890 1215 1946 certum
1249 1879 1298 1944 sit.
1355 1879 1488 1970 Legitur
1515 1879 1603 1969 apud

429 1985 740 2052 throcttartottttt
758 1985 955 2063 effloreat
981 1981 1122 2074 (ᾖσμονῇε
1147 1983 1218 2048 αντὶ
1242 1989 1297 2048 τοῦ
1324 1985 1459 2068 ᾖδειμεν.
1498 1988 1605 2050 Ἀντι-

429 2096 497 2172 φῶν
530 2090 603 2171 τρδς
631 2092 686 2166 τῇν
715 2090 856 2156 Καλλίου
888 2089 1014 2168 ἔνδειξιν
1044 2088 1205 2171 ἀπολογία
1232 2112 1255 2154 ιι
1264 2091 1355 2167 ἡμεῖς
1377 2090 1437 2168 μὲν
1459 2084 1509 2155 οὖν
1532 2087 1606 2154 οὔτε

428 2197 572 2262 ναυτικδν
596 2193 696 2278 ᾖσμεν
722 2195 834 2260 duduco
858 2194 949 2261 δέοιθ’
995 2193 1033 2258 In
1055 2193 1197 2282 antiquis
1216 2194 1307 2261 libris
1327 2206 1375 2261 est
1394 2207 1427 2260 ct
1446 2195 1526 2260 olim
1544 2194 1607 2260 tuta

431 2301 545 2381 ᾖσμεν,
578 2321 675 2391 quern
702 2312 825 2391 turpem
855 2319 994 2366 errorem
1021 2299 1169 2365 Pnaaaus
1196 2323 1262 2365 non
1282 2300 1527 2381 animadvertit,
1550 2302 1608 2390 qui

430 2405 525 2490 ᾖεμεν
546 2407 630 2471 hona
652 2405 717 2472 fida
736 2405 813 2471 hinc
826 2403 859 2470 in
876 2425 969 2472 suurn
990 2404 1135 2470 Lexioon
1153 2405 1345 2472 transferens
1360 2405 1503 2473 medium
1523 2405 1609 2472 inter

429 2510 610 2576 Ἠετιοινεθα
640 2523 673 2577 et
704 2515 897 2593 Ἠεροφσῖτις
929 2512 1074 2580 inseruit.
1130 2511 1394 2579 tttaaocaanou
1421 2513 1490 2603 ipse
1519 2533 1608 2578 nunc

432 2614 563 2704 quidem
586 2639 692 2683 errore
709 2628 817 2697 uacat,
843 2618 934 2683 cuius
956 2641 1030 2684 eorn
1049 2616 1223 2708 aliquando
1242 2618 1446 2699 insimulari,
1467 2641 1609 2709 namque

430 2719 500 2810 ipsa
527 2721 621 2787 series
649 2722 736 2803 ᾖρία,
768 2722 876 2799 ᾖεμεν,
908 2722 1064 2804 ᾐτημένην
1088 2723 1194 2812 arguit
1213 2723 1389 2789 scribarum
1410 2723 1610 2805 socordiam,

431 2845 529 2918 quarn
563 2829 716 2894 nasooaa
748 2839 835 2894 recte
862 2829 1035 2917 castigavit.
1091 2827 1221 2916 Praeter
1249 2829 1338 2896 hunc
1368 2851 1470 2896 unum
1499 2830 1610 2897 locum

431 2955 518 2998 nunc
546 2933 676 3024 quidem
707 2930 827 3015 ᾖσμεν,
854 2930 927 3015 ᾖσε,
954 2931 1033 3016 ᾖσαν
1054 2953 1212 3023 nusquam
1239 2935 1326 3026 apud
1351 2935 1500 3003 Oratores
1519 2957 1612 3002 com·

433 3051 565 3130 parent,
600 3039 654 3105 sed
685 3039 763 3104 olim
794 3036 847 3103 hic
872 3037 940 3104 illie
971 3038 1086 3129 scripto
1114 3039 1266 3120 fuerunt,
1289 3063 1377 3107 nunc
1399 3042 1433 3107 in
1454 3043 1613 3130 corruptis

437 3144 601 3236 seripturis
622 3146 731 3210 latent.
759 3143 915 3210 indicabo
929 3165 1031 3234 pauca
1050 3145 1224 3234 quaedam,
1244 3160 1279 3212 ut
1293 3160 1382 3213 recte
1396 3145 1616 3214 Xttttorttottrt

436 3250 541 3316 ταλαι
582 3248 638 3333 ᾖσε
669 3248 761 3315 reddi
795 3271 888 3339 posse
922 3249 1131 3338 intelligatur.
1180 3251 1274 3342 Apud
1304 3251 1508 3318 naaracaur
1535 3258 1615 3316 κατ’

435 3354 677 3435 Ἀριςογεθτονος
707 3355 749 3423 II.
779 3362 796 3444 §
828 3359 868 3421 ts
898 3356 1034 3438 Δημοὶδη
1067 3357 1125 3435 μὲν
1157 3357 1210 3420 καὶ
1245 3358 1436 3436 Δημοσθένεὶ
1464 3354 1612 3434 οὐδεμίαν

435 3456 528 3542 ᾤεσθε
552 3461 614 3526 δεῖν
644 3461 835 3541 συγγνώμην
860 3459 947 3541 ἔχειν
975 3457 1022 3524 ὅτι
1047 3461 1127 3542 δῶρα
1160 3463 1230 3526 καθ’
1257 3461 1340 3538 ὑμῶν
1369 3461 1612 3543 ἐξηλέγχθησαν

434 3563 681 3644 λαμβάνοντες,
704 3566 781 3630 ἀλλ’
807 3563 1057 3645 ἐτιμωρήσασθε,
1080 3564 1134 3629 καὶ
1160 3565 1305 3640 δικαίας,
1330 3563 1373 3639 οἷς
1391 3568 1417 3631 εἷ
1436 3568 1480 3646 μῇ
1502 3565 1612 3633 ταντα

434 3669 525 3734 ἄλλα
565 3669 672 3736 πολλοὶ
704 3693 746 3748 γε
774 3657 916 3737 ’σύνιτε
949 3669 1095 3750 χρῇσιμα
1123 3670 1383 3748 πολιτευομένοις.
1431 3672 1614 3740 Perfectum

438 3771 545 3842 σθνιςε
574 3785 639 3841 tam
669 3774 754 3840 male
779 3775 921 3865 positum
942 3786 990 3840 cst
1010 3796 1048 3840 ec
1066 3776 1090 3840 si
1110 3775 1209 3866 paulo
1227 3785 1302 3840 onte
1321 3775 1418 3841 vitoda
1442 3798 1501 3867 pro
1521 3776 1615 3859 ᾤεσθε

439 3878 610 3969 legeretur.
656 3877 822 3947 Sententia
852 3892 915 3946 cst:
949 3900 1149 3970 quamquam
1178 3886 1216 3946 in
1238 3882 1356 3946 multia
1380 3882 1458 3946 deae
1481 3883 1524 3948 de
1543 3905 1617 3973 rep.

404 3983 406 3988 ’
438 3991 576 4051 meritos
606 3985 752 4052 sciebatis
781 3995 893 4052 tamen
917 3987 1172 4053 condemnastis.
1220 3985 1353 4077 Repone
1372 3986 1469 4076 igitur
1488 3997 1613 4071 συνῇςε.

441 4089 537 4178 Apud
558 4090 754 4158 Assenttttttt
774 4092 806 4156 in
828 4091 1026 4158 remoratae
1046 4099 1064 4180 §
1087 4095 1151 4156 116
1175 4091 1244 4173 περὶ
1268 4092 1327 4170 μὲν
1352 4089 1401 4157 οὖν
1425 4095 1496 4166 τοὺς
1523 4093 1615 4158 τολί·

438 4215 499 4267 σας
535 4196 588 4262 καὶ
626 4198 697 4270 τοὺς
733 4195 858 4269 οἰκείους
892 4192 951 4269 οἷος
981 4197 1153 4275 γεγένησαι
1177 4196 1231 4261 καὶ
1255 4197 1312 4271 τῇν
1336 4196 1484 4279 πατρῴαν
1507 4195 1615 4263 οὐσίαν

438 4302 478 4373 ὡς
505 4303 643 4384 αἰσχρῶς
676 4304 837 4379 desiccas,
871 4302 923 4367 aa>
953 4304 1011 4377 τῇν
1039 4300 1127 4383 ὕβριν
1154 4303 1211 4378 τῇν
1240 4303 1285 4374 sie
1313 4303 1349 4366 τδ
1379 4301 1491 4366 ἑαυτοῦ
1520 4308 1615 4381 σῶμα

362 4421 365 4425 ’
441 4405 480 4478 ὥς
507 4407 691 4488 ὑτερεθρανε
716 4407 848 4475 oderes
873 4408 930 4486 μὲν
958 4407 1010 4471 καὶ
1038 4403 1107 4488 πρὶν
1130 4407 1189 4484 ἐμὲ
1215 4406 1320 4485 λέγειν
1346 4407 1458 4479 ἱκανῶς
1478 4408 1505 4471 δ’
1530 4408 1615 4485 ὑμᾶς

443 4511 672 4590 desumpsisset
697 4513 750 4576 καὶ
777 4513 887 4593 θταρ’
909 4513 985 4591 ἐμοῦ
1006 4511 1111 4589 λθγος.
1145 4510 1273 4576 Poterat
1296 4510 1413 4578 Orator
1433 4511 1476 4576 ita
1495 4510 1621 4608 dicere,

378 4645 381 4650 ·
446 4637 547 4705 quum
576 4616 614 4681 od
646 4616 729 4682 hanc
762 4629 885 4709 portem
916 4613 1069 4682 orationis
1096 4617 1246 4683 transiret
1271 4629 1305 4683 et
1331 4617 1370 4682 ad
1390 4617 1469 4682 haec
1486 4615 1621 4682 crimina

445 4721 692 4790 demonstranda
727 4722 911 4803 accederet,
950 4743 1150 4814 quamquem
1183 4733 1266 4791 moto
1298 4725 1380 4791 dece
1412 4725 1506 4792 υσθυε
1533 4734 1621 4792 συνεί.
