3767 5717
1015 615 1032 675 1

436 787 487 864 lit,
512 783 710 852 coniecturali
728 805 839 870 periere
866 785 1056 864 studiorum,
1081 786 1139 851 1100
1160 798 1262 854 lernen
1279 798 1370 877 porte
1388 790 1623 861 ltottematicos

431 893 603 957 imitamur.
650 889 756 956 Facile
781 890 943 956 oredimus
964 892 1030 956 viro
1053 912 1201 969 summo,
1227 915 1290 980 quo
1314 918 1406 963 nemo
1428 899 1546 964 virita
1571 924 1622 965 κε-

434 995 552 1082 νοδοξθοο
565 995 716 1072 alienior,
740 1016 840 1082 quum
862 996 967 1062 addit:
989 998 1100 1082 paucis
1122 1003 1203 1085 forte
1228 1008 1368 1084 polorum
1392 1004 1543 1089 ememplis
1567 1025 1621 1068 00-

433 1103 626 1167 visceralem
659 1102 796 1167 diuersos
829 1122 969 1166 errorum
986 1106 1092 1180 soules
1113 1104 1275 1169 iuvenibus
1297 1106 1409 1173 lterum
1431 1131 1537 1174 rerum
1557 1120 1622 1173 slu-
1716 1102 1720 1109 ’

430 1207 524 1272 diesis
536 1208 762 1284 demonstrare,
781 1207 865 1292 quod
883 1226 1079 1293 quamquam
1097 1208 1171 1274 istie
1194 1211 1374 1296 supersedit
1397 1211 1518 1291 iacere,
1531 1212 1621 1280 nullo

430 1312 558 1398 negotio
585 1311 719 1399 quilibet
753 1331 792 1376 ex
828 1313 958 1398 seriptis
978 1313 1202 1379 110000000000
1234 1323 1384 1382 00010000
1418 1316 1522 1382 100100
1545 1337 1619 1402 ape·

429 1422 533 1487 ruerit
556 1437 722 1495 errorum,
749 1415 834 1483 unde
862 1419 960 1484 cerlis
981 1418 1070 1485 vitiis
1089 1425 1178 1485 neria
1199 1421 1359 1488 medicina
1377 1420 1485 1488 alierri
1504 1423 1618 1509 possit.

431 1523 695 1611 Quandoquidem
734 1523 819 1609 apud
845 1544 898 1590 me
933 1522 1028 1609 longo
1056 1545 1118 1590 usu
1160 1527 1239 1590 satis
1270 1534 1394 1593 constat
1428 1526 1509 1591 nilril
1546 1547 1617 1593 esse

428 1634 491 1700 hae
512 1627 774 1718 palaeographiea
801 1630 925 1693 ratione
943 1627 1107 1693 efficacius
1137 1634 1168 1691 et
1196 1630 1236 1694 ad
1256 1631 1441 1696 eximendos
1471 1652 1618 1709 0000000,

428 1758 510 1825 quos
530 1736 561 1800 in
589 1731 738 1797 omnibus
767 1740 912 1798 veterum
937 1734 1155 1800 monumentis
1180 1736 1288 1821 inepta
1318 1735 1498 1800 scribarum
1529 1736 1618 1801 natio

428 1847 596 1910 sexcentos
628 1837 789 1903 eomruisit
815 1837 907 1925 (quos
929 1844 1036 1903 lamen
1063 1839 1207 1927 plerique
1231 1840 1368 1905 nimium
1392 1841 1552 1927 patienter
1573 1839 1617 1905 i·

425 1949 530 2014 rimus
565 1951 622 2009 aut
644 1951 857 2009 extenuamus
885 1951 1179 2025 auterensamus,
1213 1944 1308 2011 multi
1338 1966 1378 2013 00
1409 1947 1619 2033 suspicantur

430 2049 595 2140 quidem),
619 2056 651 2114 01
671 2049 832 2134 imprimis
856 2048 895 2115 ad
918 2050 1086 2115 excitanda
1109 2060 1141 2117 01
1165 2052 1307 2118 acuenda
1335 2052 1464 2137 ingenia
1485 2072 1614 2131 eorum,

427 2158 483 2245 qui
512 2154 620 2220 nescio
647 2154 804 2240 quomodo
829 2154 949 2220 iudicio
982 2174 1040 2221 suo
1064 2158 1130 2222 vim
1156 2157 1280 2223 malunt
1312 2150 1426 2223 alierre
1449 2176 1544 2242 quam
1576 2156 1616 2223 ab

425 2260 619 2331 auctoritate
639 2260 901 2327 membranarum
925 2269 1127 2327 vetustarum
1152 2261 1323 2329 vellatum
1351 2280 1493 2348 unguem
1513 2261 1615 2328 disoe-

424 2370 522 2447 dere,
542 2365 801 2453 quandoquidem
826 2366 928 2451 igitur
951 2366 1029 2431 haee
1055 2368 1139 2453 apud
1164 2386 1216 2433 me
1239 2368 1502 2443 salinensium,
1527 2369 1616 2433 iuvat

425 2482 458 2543 et
479 2475 585 2560 ipsum
614 2471 717 2537 100100
747 2471 916 2536 nonnullos
940 2472 1066 2557 aperire
1089 2492 1236 2538 errorum
1259 2492 1297 2538 ae
1325 2471 1438 2537 dooere
1463 2471 1615 2557 quemad·

423 2565 555 2648 modum
580 2577 690 2643 eadem
721 2572 841 2663 passim
867 2576 950 2645 mala
978 2576 1090 2643 eadem
1115 2576 1274 2645 medicina
1297 2594 1411 2643 sanare
1429 2577 1552 2662 possis,
1577 2583 1614 2641 01

423 2708 462 2755 ex
493 2706 558 2753 uno
585 2683 654 2750 1000
684 2691 770 2748 reete
798 2691 830 2748 et
852 2681 1003 2748 ·ielieiter
1029 2684 1181 2749 restituto
1210 2683 1332 2768 possint
1359 2681 1419 2746 1001
1445 2679 1499 2746 alii
1526 2699 1612 2746 oom-

424 2791 583 2881 pluseuli,
616 2790 767 2877 quoniam
795 2788 906 2853 morbo
927 2787 1072 2853 laborant
1097 2788 1226 2865 eodem,
1257 2786 1368 2853 eadem
1392 2806 1487 2871 opera
1519 2806 1615 2873 prope

421 2900 562 2965 'dixerim
588 2896 717 2961 restitui
737 2904 770 2959 et
795 2896 970 2979 personari.
1004 2894 1218 2958 Luculentum
1244 2891 1425 2976 exemplum
1447 2890 1544 2957 huius
1568 2895 1615 2958 rei

422 3007 491 3070 iam
524 3002 635 3066 statim
664 3018 872 3082 expromam,
899 2996 984 3059 unde
1015 2999 1202 3061 coniectura
1232 2994 1285 3059 liat
1317 2994 1356 3059 de
1383 2994 1527 3081 reliquis.
1579 2998 1616 3063 10

423 3110 549 3175 Locrum
583 3102 748 3168 eodieibus
780 3100 948 3185 legebatur
980 3100 1026 3183 (in
1056 3102 1141 3167 11101.
1169 3098 1362 3165 mortuorum
1394 3100 1432 3166 X.
1471 3102 1559 3168 Tom.
1586 3104 1611 3169 Ι.

426 3234 458 3299 p.
480 3208 580 3298 574):
616 3208 753 3273 πέποοοον
779 3208 815 3270 πὸ
839 3207 936 3282 isles,
961 3204 1084 3285 εθθννε,
1109 3203 1130 3271 ὦ
1155 3207 1311 3288 πορθμεῦ,
1331 3207 1366 3271 πθ
1387 3205 1556 3286 aniciano,
1580 3204 1614 3275 εὖ

425 3317 615 3394 πάθομεν.
664 3313 913 3378 Vrteuauaaums
936 3330 1050 3377 verum
1076 3312 1175 3378 vidit:
1201 3316 1432 3401 εὐπλοῶμεν.
1457 3312 1558 3379 Diulr.
1583 3336 1613 3401 p.

425 3428 504 3489 181.
544 3420 739 3511 1001000000
762 3425 832 3495 001,
853 3417 885 3481 10
907 3416 1053 3483 ordinem
1071 3424 1236 3504 receptum
1256 3424 1322 3496 esi,
1340 3417 1564 3498 oonlirmavit,
1585 3421 1612 3485 si

423 3524 613 3594 lmiusmodi
636 3524 817 3591 emendatio
844 3525 941 3589 eiiam
979 3520 1162 3589 oonlirmari
1194 3529 1319 3609 potest,
1344 3522 1442 3589 oodex
1474 3525 1612 3609 optimae

428 3641 539 3708 notae,
567 3629 774 3706 (1011100000,
793 3628 849 3695 diu
873 3636 943 3715 post
965 3644 1129 3694 exorrssus.
1165 3628 1244 3710 Quis
1264 3635 1330 3713 est,
1353 3630 1409 3715 qui
1433 3627 1530 3694 huius
1553 3629 1614 3695 1001

427 3760 492 3806 000
520 3739 690 3803 immemor
713 3753 776 3801 000
804 3736 914 3801 statim
948 3735 1124 3801 eorrexerit
1154 3742 1267 3822 poetae
1288 3734 1394 3801 locum
1421 3736 1454 3800 in
1488 3734 1614 3801 Srormi

422 3844 598 3931 'Florilepio
617 3842 678 3909 GV.
701 3844 754 3905 29.

609 3955 674 4022 τοῖς
698 3944 732 4012 εὖ
752 3947 936 4010 ποοθοῢονν
959 3946 1184 4012 οθνπνπνεθοοοο’
1208 3948 1328 4027 >innixe

611 4054 656 4119 πθι
676 4048 784 4117 ποθνποο
805 4056 942 4129 συγχεῖ·
967 4049 1095 4115 ποένποο
1118 4059 1268 4129 νοουοογεῖν
1289 4061 1380 4118 πονεῖ.

429 4158 520 4228 Satin
541 4166 666 4226 eertum
685 4155 813 4222 ridetur
834 4153 1049 4221 remeandum
1075 4174 1144 4221 esse
1164 4158 1416 4224 edutooioro?
1450 4158 1565 4225 deinde
1588 4160 1615 4227 si

428 4266 514 4355 κᾷτοο
538 4271 687 4359 venustis
721 4261 889 4328 refinxeris
912 4261 981 4348 ipsa
1002 4260 1188 4347 perelegans
1212 4261 1361 4349 allegoria
1380 4284 1418 4330 er
1433 4282 1469 4330 eo
1488 4264 1614 4333 naufra-

430 4376 482 4462 gio
504 4373 653 4439 evaserit.
701 4379 761 4435 ΛΟ
787 4389 827 4433 00
856 4377 914 4433 ΑΘ
939 4376 1023 4434 00001
1046 4369 1203 4455 seriptum
1230 4369 1262 4434 in
1281 4376 1407 4436 vetusta
1430 4372 1616 4439 membrana

425 4480 552 4547 librarii
575 4479 772 4565 antiquiores
792 4491 896 4558 neque
919 4471 1021 4538 oeulis
1038 4473 1118 4539 satis
1138 4474 1312 4541 cernebant
1328 4484 1359 4541 01
1383 4478 1397 4542 ο·
1423 4483 1489 4553 νοῦς
1513 4480 1614 4560 πορὼν

427 4584 593 4663 tinellum.
650 4581 794 4649 liabeaut
827 4579 914 4645 enim
944 4576 1022 4646 haee
1051 4579 1172 4667 aliquid
1204 4582 1440 4662 excusationis,
1466 4590 1502 4650 01
1533 4602 1615 4671 quae
