3767 5717
969 578 1034 640 286
1135 629 1140 640 .

418 777 561 858 γένονπο;
587 795 661 842 nam
681 773 738 864 qui
757 773 802 838 ita
821 770 947 862 quaerit
969 768 1159 837 Echecrates
1177 770 1312 836 miratur
1331 793 1385 838 eos
1405 795 1470 839 non
1489 777 1597 844 nomi.

421 884 489 948 nari
510 883 596 947 inter
616 902 689 959 eos,
711 880 770 970 qui
790 878 913 946 Socrati
935 877 1092 942 morituro
1115 875 1304 954 adfuissent,
1323 888 1355 941 et
1375 881 1408 943 οὐ
1427 879 1508 954 δῆτα
1525 905 1597 949 me.

344 1043 350 1050 .
418 987 480 1052 lius
500 986 744 1077 respondebitur
764 986 789 1050 si
808 987 842 1049 οὐ
863 983 1078 1075 praecesserit.
1126 982 1229 1067 Quam
1252 995 1341 1050 retus
1362 983 1596 1055 hermendum

418 1094 453 1158 in
483 1092 645 1157 Ptarorus
675 1090 850 1156 codicibus
878 1089 1046 1156 inoleverit
1075 1101 1207 1180 apparet
1231 1111 1269 1154 er
1294 1089 1462 1157 lluunrnn
1482 1092 1597 1160 libello

418 1199 486 1279 περὶ
513 1197 674 1277 ἑρμηνείαις
699 1200 811 1285 5288.
838 1195 975 1275 Geren,
992 1195 1046 1262 sed
1068 1217 1139 1263 sera
1160 1197 1313 1286 scriptura
1330 1197 1492 1286 antiquius
1512 1199 1596 1266 nihil

417 1315 474 1368 est.
522 1300 764 1387 luHuuou'oro
786 1300 841 1368 Vl.
864 1305 918 1368 52.
951 1295 1006 1376 νέην
1033 1302 1064 1365 δὲ
1090 1301 1155 1366 οὐδὲ
1181 1304 1279 1376 αὐτην
1300 1301 1402 1386 φοέναι
1430 1305 1595 1382 διαγινώσ-

419 1432 502 1481 κειν,
536 1406 652 1471 εἰδυῖαν
684 1408 741 1486 μέν
768 1407 821 1472 καὶ
850 1407 885 1470 πό
915 1406 1018 1488 κοέρποι
1040 1404 1146 1484 λέγειν
1174 1412 1298 1482 ταῦτα,
1323 1407 1515 1486 βουλομένην
1542 1409 1593 1484 δὲ,

417 1510 504 1582 εἴποις
526 1509 700 1592 ὀμφόπεροι
724 1510 867 1589 γενοίατο
885 1511 1054 1590 βασιλέες,
1081 1511 1170 1575 locus
1187 1533 1228 1584 ‚er
1247 1507 1405 1601 impedito
1425 1523 1458 1577 et
1478 1511 1594 1578 incon,-

418 1615 517 1679 cinno
537 1614 703 1705 expeditus
722 1615 782 1680 erit
801 1615 826 1679 si
844 1614 1040 1705 suppleveris
1059 1617 1092 1680 οὐ
1111 1616 1303 1695 βουλομένην
1323 1617 1371 1690 δέ,
1391 1628 1423 1682 et
1442 1617 1487 1682 sio
1503 1618 1593 1692 εέιιιος

418 1742 508 1785 more
531 1719 723 1785 Graecorum
744 1720 886 1810 positum
906 1720 982 1800 erit,
1003 1718 1090 1810 quod
1106 1740 1193 1784 nuuc
1206 1719 1332 1786 soloeee
1348 1741 1385 1786 ex
1401 1721 1597 1800 βουλομένην

417 1823 545 1890 ridetur
568 1847 767 1914 suspensum.
1658 1833 1660 1836 ’

467 1929 593 1995 Addam
622 1951 721 1996 unum
750 1941 893 1996 tantum:
925 1931 958 1996 in
990 1929 1074 1996 libro
1104 1930 1145 1996 οόο
1178 1927 1356 1994 Uolumnia
1382 1932 1442 2006 59,
1462 1931 1493 1994 2.
1516 1927 1596 1994 libri

418 2034 624 2100 confundunt
653 2035 790 2116 ὀιρχεπαι
817 2048 850 2100 et
880 2035 1009 2128 ἔρχεπαι
1039 2034 1227 2126 pervulgato
1256 2027 1390 2112 errores
1408 2033 1464 2122 qui
1486 2045 1596 2100 tamen

419 2140 555 2205 subinde
585 2141 721 2207 lectores
748 2153 782 2207 et
810 2140 947 2207 editores
976 2140 1108 2231 impune
1136 2139 1328 2206 ludificatur.
1375 2136 1414 2203 In
1438 2137 1594 2206 Dlorrrslo

417 2245 538 2310 Hauc.
559 2244 584 2312 l.
604 2250 658 2313 85.
683 2252 734 2311 νῦν
756 2246 899 2328 ἄρχομαι
924 2245 1145 2324 διηγησόμενος
1170 2245 1339 2310 manifesto
1360 2244 1522 2310 soloecurn
1544 2257 1591 2310 est

415 2373 476 2440 pro
504 2350 656 2432 ἔρχομαι,
690 2350 777 2441 quod
800 2351 864 2416 duo
886 2349 1001 2440 optimi
1022 2349 1096 2414 libri
1121 2349 1325 2440 suppeditant
1346 2347 1540 2414 Vaticanus
1561 2361 1593 2416 et

420 2454 618 2534 chisianus,
639 2457 695 2522 sed
715 2457 785 2521 sine
799 2456 897 2531 ¹libris
917 2454 958 2521 ab
982 2477 1179 2545 unoquoque
1199 2466 1325 2544 poterat
1344 2455 1469 2544 corrigi.
1500 2453 1538 2518 ln
1557 2478 1592 2520 re

417 2571 481 2625 tam
510 2575 596 2627 certa
623 2586 720 2653 quam
743 2575 819 2627 nota
840 2562 939 2626 miror
961 2559 1124 2650 quomodo
1144 2561 1177 2624 in
1198 2560 1362 2626 Pcarculs
1380 2558 1463 2624 Ione
1480 2560 1594 2626 doctos

416 2667 561 2733 homines
582 2670 682 2758 turpis
703 2667 910 2734 soloecismus
931 2667 1049 2756 fugerit
1069 2689 1100 2755 p.
1123 2669 1187 2732 533
1210 2683 1239 2731 c.
1272 2666 1329 2730 καὶ
1353 2666 1426 2746 ὁρῶ,
1458 2662 1590 2741 ὦἼυν,

413 2773 467 2837 καὶ
492 2771 637 2853 ι’έρχομαό
660 2775 699 2852 γέ
723 2797 768 2838 σοι
788 2771 1041 2854 ἀποφαινόμενος
1065 2768 1083 2836 δ’
1099 2793 1150 2850 μοι
1175 2771 1258 2837 δοκεῖ
1277 2774 1368 2835 τοῦτο
1388 2765 1484 2844 εἶναι,
1510 2769 1593 2836 nihil

415 2878 533 2942 certius
570 2892 619 2944 est
652 2902 750 2970 quarn
786 2876 959 2967 legendum
999 2874 1136 2956 ἔρχομαί
1167 2874 1205 2953 γέ
1240 2897 1286 2940 σοι
1319 2875 1590 2956 ἀποφανούμενος.

417 2981 620 3072 Quamquam
651 2986 786 3065 ἔρχομαι
814 2994 882 3048 erat
911 2979 991 3047 olim
1017 2981 1144 3070 vulgata
1173 2980 1272 3046 lectio
1291 2991 1396 3044 tamon
1421 2981 1522 3046 doctis
1542 2983 1591 3048 nil

332 3146 334 3149 .
418 3087 569 3154 suboluit.
592 3090 696 3172 φαίνου
714 3099 746 3153 et
765 3093 874 3170 φανῶ,
898 3079 1052 3169 φαίνομαι
1071 3099 1103 3152 et
1119 3093 1283 3170 φανοῦμαι
1300 3098 1332 3151 et
1348 3087 1464 3152 similia
1484 3089 1591 3153 omnia

415 3215 511 3282 quarn
533 3193 718 3282 frequenter
735 3191 858 3258 scribae
872 3191 1117 3281 permiscuerint
1134 3213 1226 3282 saepe
1242 3192 1591 3271 ostendimus‚etnoro

415 3297 563 3387 exemplo
591 3296 675 3362 hanc
703 3309 827 3388 partem
857 3297 1105 3362 concludemus:
1138 3296 1333 3387 ubicumque
1356 3297 1498 3362 futurum
1519 3300 1590 3362 ὀδυ-

414 3408 526 3483 ροῦμιιι
547 3403 582 3468 in
605 3416 746 3470 reterum
763 3401 852 3469 libris
871 3403 1046 3494 apparebat
1063 3381 1213 3469 Graeculi
1232 3404 1375 3484 ὀδύρομαι
1396 3402 1590 3494 substituere

414 3507 535 3589 solent,
567 3521 603 3575 ut
629 3511 785 3589 οόγγέλλυ
805 3501 873 3599 pro¹
886 3512 1039 3588 ἀγγελῶ,
1063 3509 1219 3587 ςέλλομαι
1238 3531 1297 3596 pro
1318 3516 1488 3590 ςελοῡμοιι,
1512 3511 1592 3598 aliu,

413 3624 446 3678 ct
467 3613 501 3678 in
519 3609 637 3704 quibus
655 3615 750 3680 etiam
771 3613 945 3703 proclivior
963 3632 1051 3678 error
1070 3625 1116 3678 est
1135 3613 1234 3691 μένω,
1260 3612 1365 3694 κρίνοι,
1382 3615 1490 3693 cludro
1509 3629 1590 3684 caet.

411 3738 473 3808 pro
499 3725 599 3798 μενῶ,
629 3723 734 3798 κρινῶ,
766 3719 887 3796 οόμυνῶ.
934 3716 974 3782 In
994 3718 1144 3784 Lucrino
1166 3719 1206 3782 10
1217 3765 1226 3796 ,
1251 3721 1309 3795 233
1329 3721 1361 3783 2.
1384 3723 1459 3796 μοι’
1476 3721 1589 3800 ὀλίγον

413 3819 609 3903 ὀδυρούμενον
631 3823 745 3914 optimi
766 3823 842 3888 libri
862 3825 973 3890 vitiose
992 3824 1179 3906 ὀδυρόμενον.
1228 3823 1320 3888 Peius
1338 3824 1436 3890 etiam
1459 3828 1514 3904 13,
1537 3829 1593 3892 15.

415 3923 453 3990 ad
475 3944 577 3992 unum
597 3951 708 3994 omnes
728 3941 854 3995 serrant
874 3935 928 3995 τοῦ
953 3931 1011 4010 μὲν
1032 3927 1301 4009 γελασομένου-
1323 3935 1377 3994 ποῦ
1396 3930 1427 3994 δὲ
1447 3932 1589 4013 ὀδυρομέ-

411 4054 480 4104 νου,
506 4053 565 4121 pro
583 4035 789 4114 ὀδυρουμένου.
824 4029 901 4118 Quis
920 4035 1018 4124 igitur
1035 4035 1069 4098 in
1086 4033 1250 4101 lsocnrrr
1271 4035 1344 4116 πρὸς
1361 4035 1588 4116 Καλλίμαχον.

414 4141 506 4222 335.
540 4133 628 4216 οἶμαι
654 4141 682 4204 δ’
704 4143 798 4206 αὑτὸν
825 4142 1026 4223 ὀδύρεσθαι
1054 4141 1109 4216 rire
1138 4141 1248 4207 πενίαν
1270 4175 1309 4188 ·-·
1337 4140 1390 4206 οιαὶ
1418 4141 1520 4218 λέξειν
1548 4133 1603 4214 ιόοΙ

415 4239 500 4304 δεινόο
525 4242 689 4318 πείσεται,
724 4244 884 4310 dubitabit
902 4247 1071 4328 ὀδυρεῖσθαι
1093 4247 1266 4336 corrigere,
1284 4260 1317 4314 et
1338 4246 1535 4337 ubicumque
1556 4246 1589 4311 iu

415 4343 519 4411 simile
542 4347 653 4414 ritium
674 4350 796 4417 incidet
818 4350 932 4418 eodem
955 4349 1115 4432 remedio,
1137 4352 1226 4444 ¹quod
1247 4353 1430 4444 saepissime
1447 4351 1591 4446 proluit,

416 4451 457 4516 de
480 4475 563 4520 noro
586 4455 689 4520 uti?-
