3767 5717
403 671 474 726 vm

407 848 540 923 sincera
565 868 635 918 non
657 839 727 916 sint
750 842 1033 931 labefactantem,
1056 850 1093 917 et
1114 868 1155 918 ea
1179 862 1318 944 qnoque
1344 868 1472 947 magna
1496 874 1578 928 cum

407 975 567 1049 libertate
591 971 856 1059 convellentem,
884 970 1072 1069 inquibus
1096 997 1206 1047 errare
1232 975 1368 1048 malunt
1391 1002 1497 1075 quam
1519 1006 1575 1054 ve·

407 1127 488 1177 rum
509 1101 635 1174 videre.
685 1099 763 1173 Hos
787 1098 816 1171 si
839 1098 959 1186 audis,
982 1098 1102 1173 critici
1121 1100 1171 1174 nil
1199 1100 1266 1174 nisi
1288 1102 1444 1177 difficiles
1463 1130 1575 1205 nugas

409 1236 539 1329 agunt,
573 1235 609 1301 et
636 1234 676 1301 ut
702 1228 888 1300 Soouarns
916 1230 1174 1300 Aursrorrraul
1199 1230 1431 1307 λεπτοτάτων
1455 1234 1576 1333 λήρων

405 1358 594 1455 βασιλεύς
616 1356 828 1454 appellatur,
853 1354 901 1429 sic
923 1354 966 1427 iis
988 1354 1195 1429 (triticorum
1217 1382 1320 1455 opera
1342 1359 1478 1433 videtur
1502 1370 1575 1437 tota

405 1484 532 1559 versari
558 1484 648 1557 circa
668 1481 821 1581 argutias
841 1489 913 1555 tam
942 1481 1086 1555 subtiles
1112 1489 1147 1555 et
1170 1492 1311 1572 tenues,
1336 1511 1443 1581 quam
1467 1488 1573 1564 inuti-

405 1614 456 1687 les
488 1619 523 1685 et
554 1610 690 1687 otiosas.
749 1612 954 1688 Queruntur
982 1610 1085 1683 multi
1120 1617 1181 1683 aut
1212 1609 1438 1709 indignantur
1469 1616 1576 1689 fidem

404 1747 561 1814 veterum
582 1746 889 1813 monumentorum
912 1738 1028 1836 sperni
1049 1745 1084 1810 et
1104 1763 1167 1837 pro
1189 1737 1297 1812 nihilo
1320 1740 1420 1828 duci,
1446 1743 1574 1840 quibus

407 1868 438 1941 si
462 1868 545 1941 stari
568 1892 638 1941 non
658 1867 767 1965 possit
787 1867 875 1939 nihil
897 1891 972 1939 esse
1000 1865 1083 1939 satis
1108 1873 1259 1943 certum:
1291 1862 1407 1943 omnia
1427 1871 1576 1945 revocari

406 1996 453 2069 ad
482 2020 672 2093 paucorum
698 1994 880 2069 arbitrium
903 2001 938 2067 et
960 1993 1140 2067 libidinem
1164 1994 1336 2091 quidlibet
1356 1996 1576 2088 addentium,

406 2125 641 2212 dementium,
676 2122 908 2197 mutantium:
950 2147 1019 2198 non
1052 2122 1117 2196 hoo
1150 2121 1344 2220 agendum,
1378 2126 1439 2199 sed
1470 2126 1574 2203 inter·

406 2253 575 2351 pretaudo
604 2250 721 2349 potius
744 2251 836 2324 locos
862 2249 1017 2323 difficiles
1038 2256 1073 2323 et
1096 2248 1271 2323 intricatos
1296 2251 1456 2348 expedire
1477 2278 1575 2353 opor·

405 2389 495 2468 tere,
533 2404 604 2455 non
637 2387 766 2453 temere
794 2377 981 2453 rescribere
1013 2378 1051 2453 id
1085 2378 1181 2476 quod
1209 2378 1450 2478 uuusquisque
1482 2382 1577 2455 nullo

407 2508 547 2607 negotio
570 2507 752 2605 intelligat.

455 2639 537 2711 Non
560 2644 644 2710 suut
663 2636 728 2710 hae
747 2633 926 2733 opiniones
942 2632 1121 2731 imperitae
1141 2632 1375 2709 multitudinis
1389 2642 1527 2711 tentum
1542 2645 1578 2711 et

407 2764 504 2863 vulgi
525 2764 682 2839 omnium
704 2788 821 2839 rerum
847 2760 977 2863 ignari:
1004 2760 1096 2835 bona
1121 2785 1200 2858 pars
1222 2762 1436 2838 eruditorum
1458 2770 1493 2837 et
1517 2765 1578 2862 qui

255 2931 260 2935 ·
402 2895 491 2969 alios
516 2892 682 2967 erudiunt
704 2900 739 2967 et
762 2891 934 2990 principes
955 2889 992 2961 in
1018 2914 1088 2987 rep.
1112 2888 1174 2963 viri
1200 2889 1237 2964 in
1262 2890 1383 2963 eodem
1407 2892 1576 2987 opinionis

406 3046 519 3096 errore
542 3027 732 3094 versantur.
759 3020 890 3099 'Quum
911 3023 992 3089 ante
1017 3016 1080 3089 hos
1103 3040 1232 3113 paucos
1254 3039 1362 3089 annos
1385 3017 1479 3114 apud
1502 3044 1575 3094 am·

409 3147 605 3247 plissimum
637 3146 806 3220 Ordinem
831 3120 875 3217 'de
896 3143 1112 3222 emendanda
1133 3142 1350 3217 institutione
1370 3144 1578 3221 Academica

410 3275 542 3349 mentio
571 3275 697 3349 iniecta
718 3280 826 3361 esset,
847 3279 885 3345 et
909 3279 1088 3347 censerent
1109 3272 1267 3345 nonnulli
1289 3297 1358 3345 non
1380 3281 1507 3347 temere
1533 3274 1578 3349 ad

409 3404 592 3479 lectiones
620 3401 845 3477 Academicas
877 3426 935 3475 eos
969 3425 1044 3473 esse
1078 3392 1333 3487 admittendos,
1363 3398 1494 3497 qui'ad
1519 3400 1578 3475 illa

410 3531 526 3606 studia
543 3528 721 3603 immaturi
739 3528 887 3601 nimium
904 3534 940 3599 et
956 3527 1103 3625 impares
1119 3527 1319 3601 accederent
1341 3528 1450 3624 (quod
1472 3552 1578 3626 quam

411 3658 549 3735 salubre
571 3665 607 3731 et
630 3656 834 3755 frugiferum
861 3655 906 3727 sit
932 3679 990 3727 me
1019 3654 1160 3752 quidem
1183 3676 1269 3729 usus
1291 3654 1444 3746 docuit),
1477 3656 1577 3729 vehe-

409 3795 543 3864 menter
574 3784 710 3859 0bstitit
737 3784 788 3857 vir
816 3808 881 3857 nec
905 3807 984 3857 meo
1013 3782 1141 3856 iudicio
1173 3782 1301 3857 stultus
1332 3788 1367 3855 et
1394 3806 1457 3856 suo
1480 3782 1579 3859 valde

410 3917 565 4012 sapiens,
601 3914 663 4010 qui
695 3937 731 3986 se
761 3911 875 3988 iudice
908 3909 1143 3984 adolescentes
1179 3908 1227 3984 sic
1260 3909 1343 3985 satis
1377 3918 1513 4010 paratos
1543 3918 1579 3985 et

410 4043 539 4142 peritos
560 4066 635 4115 esse
654 4040 759 4127 dixit,
788 4069 806 4108 a
815 4063 967 4136 namque
991 4036 1078 4109 nihil
1101 4062 1189 4134 opus
1215 4060 1289 4110 esse
1314 4045 1354 4111 ut
1374 4040 1581 4116 Academica

410 4170 574 4245 iuventus
589 4168 635 4242 ad
648 4167 813 4241 Critioam
833 4166 1070 4239 sublimiorem
1081 4163 1319 4240 informetur.”
1345 4167 1470 4241 Multis
1487 4168 1581 4241 visus

410 4306 463 4373 est
484 4298 616 4396 aliqrnd
633 4297 779 4385 dixisse,
799 4295 928 4395 quibus
945 4303 980 4369 et
998 4319 1052 4369 res
1071 4300 1106 4367 et
1119 4317 1246 4369 nomen
1259 4295 1406 4369 Oriticae
1423 4294 1582 4370 odiosum

410 4434 445 4501 et
462 4427 649 4501 molestum
665 4433 737 4513 est,
760 4424 963 4523 praesertim
983 4422 1203 4497 sublimioris.
1229 4420 1359 4509 Ceteri,
1379 4422 1441 4520 qui
1462 4424 1581 4498 verbo-

409 4564 486 4627 rum
523 4553 731 4628 sententiam
763 4552 947 4650 diligenter
977 4552 1087 4625 solent
1117 4548 1349 4650 perpendere,
1381 4550 1583 4626 fatebuntur

409 4681 544 4757 facilius
561 4682 714 4759 essehoc
730 4682 864 4755 dictum
878 4680 1041 4755 admirari
1058 4706 1165 4779 quam
1182 4678 1383 4778 intelligere.
1410 4678 1590 4776 Equidem,

410 4836 500 4913 quae
515 4810 561 4888 sit
573 4810 703 4909 Oritica
717 4813 890 4887 sublimior
905 4817 941 4888 et
956 4834 1001 4887 an
1018 4810 1063 4885 sit
1078 4810 1194 4907 aliqua
1207 4810 1363 4885 humilior
1377 4806 1506 4882 Critica
1520 4832 1583 4883 nec
