3767 5717
863 655 903 719 75

287 830 408 898 lectum
437 832 577 914 ἔσχηκας
610 848 776 917 perperam
799 830 930 916 ponitur
950 829 982 894 in
1007 849 1044 896 ea
1063 838 1115 907 re,
1148 852 1243 917 quarn
1274 835 1346 920 quis
1377 833 1472 920 plane

287 938 491 1023 praeteriisse
511 943 621 1023 putet,
655 942 692 1000 ut
716 934 795 1000 nibil
821 936 972 1022 supersit.
1020 935 1159 1002 llebebat
1182 937 1293 1020 ἔσχεςε
1327 942 1472 1026 peccavit

287 1061 361 1109 eum
393 1042 565 1128 plurimis,
599 1038 656 1106 sed
690 1041 855 1126 peccavit,
886 1048 918 1106 et
948 1040 995 1108 sic
1029 1041 1242 1110 Aocrrnnonuu
1278 1043 1401 1136 depono
1432 1044 1472 1112 de

287 1146 448 1213 manibus.

743 1327 918 1406 aanor
954 1325 1006 1408 tr.

333 1567 433 1634 Verrio
463 1585 551 1632 nunc
572 1565 614 1632 ad
645 1565 821 1640 bucinum,
852 1565 908 1650 qui
940 1564 981 1630 ad
1012 1563 1099 1632 hunc
1132 1565 1217 1632 diem
1252 1575 1353 1634 scatet
1384 1570 1474 1636 vitiis

287 1672 524 1758 erroribusque.
571 1670 672 1736 Multa
689 1669 823 1755 deliquit
844 1670 929 1755 ipse,
952 1689 1016 1734 non
1036 1671 1115 1736 satis
1132 1679 1297 1757 perspecta
1318 1673 1350 1738 in
1371 1676 1473 1740 omui*

286 1778 347 1845 bos
367 1776 599 1843 consuetudine
618 1773 767 1862 loquendi
785 1774 1020 1860 Antiqoorum,
1045 1772 1084 1839 ad
1099 1793 1178 1862 quos
1196 1796 1230 1842 se
1249 1784 1354 1844 tamen
1372 1798 1471 1864 quam

286 1890 410 1968 poterat
434 1881 680 1967 diligentissime
700 1879 922 1948 inscribendo
944 1879 1169 1964 componebat,
1194 1889 1330 1948 autnon
1354 1883 1473 1969 ubique

286 1987 452 2053 commode
476 1985 664 2053 recordatus
686 2004 782 2071 quem
807 2004 924 2062 usum,
949 2003 1044 2069 quam
1066 1986 1292 2072 proprietatem
1317 1989 1472 2056 orationis

283 2093 436 2178 antiquae
458 2099 490 2157 et
513 2091 629 2177 probae
652 2099 685 2157 et
709 2090 914 2176 incorruptae
936 2087 1022 2174 apud
1046 2088 1116 2154 illos
1140 2101 1227 2158 reete
1247 2090 1370 2158 dudum
1401 2095 1470 2160 ani·

282 2197 508 2264 madvertisset
529 2194 703 2281 seduloque
726 2214 844 2280 magna
866 2214 944 2262 cura
969 2201 1001 2260 et
1024 2194 1168 2280 impenso
1187 2195 1294 2262 studio
1317 2205 1471 2266 notasset,

282 2304 405 2370 Passim
427 2301 597 2368 inbuerint
617 2301 748 2387 scriptis
765 2307 916 2387 apparet,
941 2308 1098 2385 quantum
1120 2319 1217 2368 curae
1239 2301 1315 2368 huic
1339 2306 1386 2370 rei
1409 2305 1470 2370 im-

282 2409 463 2496 pertiatur,
488 2414 523 2472 ut
546 2425 587 2472 ne
608 2406 753 2482 soluere,
783 2425 824 2471 ne
841 2404 995 2481 barbara,
1017 2425 1057 2472 ne
1081 2404 1201 2491 plebeia
1231 2406 1370 2475 dictione
1398 2417 1470 2476 uta-

283 2523 360 2588 tur,
386 2520 506 2597 quanto
526 2510 635 2576 labore
654 2512 792 2597 optimos
815 2519 966 2577 auctores
987 2510 1108 2582 imitari
1129 2518 1162 2576 et
1181 2509 1301 2578 referre
1325 2522 1469 2600 satagat}

283 2623 416 2703 apparet
439 2615 637 2699 adquorum
668 2613 851 2699 exemplum
874 2614 1052 2682 orationem
1082 2633 1175 2680 suam
1206 2616 1312 2700 exigat
1332 2625 1364 2682 et
1388 2617 1470 2684 nihil

283 2722 315 2788 ei
337 2727 462 2786 rectum
486 2726 518 2784 et
540 2718 702 2785 sincerum
727 2717 852 2794 videri,
878 2717 961 2803 quod
986 2737 1047 2782 uon
1082 2716 1185 2783 idonei
1215 2721 1382 2806 scriptoris
1406 2721 1468 2790 lide

167 2831 172 2840 ‘
285 2827 430 2899 nitatur;
463 2829 597 2908 apparet
627 2821 726 2889 simul
757 2841 855 2908 quam
888 2815 1088 2907 negligenter
1117 2830 1148 2888 et
1183 2821 1289 2908 inepte
1322 2824 1467 2912 plerique

283 2950 394 2997 omnes
418 2937 486 2994 tum
511 2927 736 3012 loquerentur,
760 2946 857 3012 quam
882 2925 1081 2994 incredibilis
1099 2926 1260 3006 socordia,
1285 2949 1380 3014 quam
1406 2931 1469 3001 loe.

283 3037 324 3102 da
350 3033 477 3099 inscitia
501 3033 657 3097 sermonis
680 3031 779 3098 luerit
805 3031 853 3097 vel
874 3033 907 3096 in
929 3031 1139 3106 doctissimis
1167 3039 1204 3096 ut
1223 3032 1353 3117 quidem
1377 3036 1467 3103 vide·

280 3142 418 3213 bantur,
451 3136 579 3204 dicendi
602 3137 764 3222 Magistris
791 3144 823 3202 et
848 3136 1041 3204 libeloribus
1064 3145 1097 3202 et
1119 3135 1357 3204 Grammaticis.
1404 3141 1467 3208 llo*

280 3267 354 3316 rum
378 3245 433 3311 alii
457 3263 583 3308 summa
605 3241 804 3329 impudentia
825 3241 1067 3309 vitiosissimam
1086 3241 1267 3326 aequalium
1290 3244 1464 3316 dictionem

279 3351 426 3442 pauculis
438 3348 600 3414 vocabulis
622 3347 765 3434 antiquis
784 3346 1026 3433 distinguebant
1046 3354 1077 3414 et
1100 3346 1283 3426 comebant,
1300 3358 1464 3420 caeterum

280 3457 507 3526 volutabantur
530 3455 563 3518 in
587 3453 719 3530 iisdem,
743 3453 862 3538 quibus
880 3452 1015 3537 vulgus,
1038 3450 1202 3528 sordibus,
1227 3472 1266 3521 ne
1288 3453 1463 3524 abiectissi-

281 3566 342 3632 mis
372 3561 502 3649 quidem
534 3559 752 3634 abstinentes,
785 3557 903 3642 quibus
935 3558 963 3622 si
990 3555 1117 3643 quando
1145 3556 1184 3622 ab
1213 3556 1462 3642 elegantioribus

280 3675 512 3755 arguerentur,
536 3671 662 3749 puttam
685 3661 734 3728 vel
754 3663 942 3746 scriptorem
968 3661 1105 3746 aliquem
1126 3669 1266 3728 veterem
1293 3671 1406 3729 testem
1430 3675 1463 3732 et

278 3773 439 3840 vindicem
463 3767 712 3834 mentiebantur.
759 3765 820 3831 Alii
845 3765 907 3831 alio
930 3784 1047 3850 genere
1071 3765 1213 3832 insaniae
1244 3767 1463 3852 ineptiebant:

280 3877 491 3945 imitabantur
513 3874 698 3938 Honooororr
724 3869 772 3936 vel
802 3870 999 3936 Tuuornmou
1023 3869 1054 3934 in
1077 3868 1163 3936 hunc
1186 3869 1339 3950 modum,
1364 3882 1400 3940 ut
1422 3896 1463 3942 ex

279 4002 390 4051 eorum
415 3979 507 4045 libris
535 3975 669 4042 lacinias
691 3982 724 4041 et
747 3975 847 4043 veluti
877 3983 1029 4042 centones
1057 3974 1211 4041 admixtis
1235 3977 1397 4046 vocabulis
1421 3981 1462 4048 de

279 4089 375 4157 trivio
394 4085 512 4151 sumtis
533 4088 744 4148 consuerent:
769 4080 824 4146 alii
849 4079 1005 4166 quidquid
1030 4079 1105 4146 olim
1127 4081 1406 4160 essetobsoletum
1427 4095 1461 4153 et

277 4198 528 4263 intermortuum
553 4207 592 4254 ex
614 4186 764 4272 antiquis
787 4185 1018 4262 corrodebant,
1042 4183 1200 4252 addebant
1224 4196 1367 4256 monstra
1390 4209 1460 4257 reru

277 4303 423 4368 boruma
446 4313 480 4360 sc
497 4291 610 4359 stolide
635 4291 729 4368 licta,
752 4309 852 4376 eaque
876 4299 912 4357 ut
931 4289 1103 4356 tessertdas
1117 4292 1148 4356 in
1169 4293 1350 4378 pavimento
1374 4316 1460 4362 eom-

276 4405 446 4494 ponebaut.
491 4399 559 4464 Non
588 4396 721 4464 deerant
746 4395 797 4462 bis
820 4397 970 4463 omnibus
998 4396 1181 4471 auditores,
1205 4398 1251 4462 ila
1272 4399 1320 4462 uti
1345 4398 1401 4475 til,
1426 4410 1459 4467 et

276 4512 486 4579 admiratores
509 4503 673 4589 aliquanto
705 4503 802 4568 etiam
830 4501 1032 4580 stolidiores,
1064 4503 1118 4588 qui
1151 4501 1319 4588 stupebant
1352 4502 1392 4569 ad
1420 4525 1458 4584 ea

277 4636 359 4703 quae
382 4633 444 4678 nou
466 4616 635 4696 caperent,
664 4616 697 4673 et
720 4627 760 4673 ne
779 4607 966 4674 viderentur
998 4629 1060 4674 uon
1089 4608 1267 4694 intelligere
1298 4606 1458 4676 malebant

277 4720 450 4816 plaudere.¹
483 4715 625 4800 Castigat
658 4713 794 4780 istormu
826 4712 963 4800 ineptias
994 4713 1141 4782 Lucrinus
1163 4719 1197 4780 et
1220 4712 1382 4782 inscitiam
1405 4734 1459 4783 ar*

1191 4824 1202 4862 Β
1218 4819 1227 4841 .
