3767 5717
856 620 922 687 203

292 814 341 883 Er
369 813 491 883 eodem'
511 814 602 883 fonte
630 815 758 897 erroris,
785 836 888 904 quem.
901 822 995 907 supra
1014 812 1099 882 satis.
1109 813 1144 881 iu
1168 811 1313 883 Srousur
1331 812 1470 904 Appen,

289 922 583 991 decertaremus
603 922 801 1012 aperuimus,
824 930 899 987 nata
918 933 965 985 est
985 942 1054 1010 cap.
1077 925 1128 986 ὄλ
1153 919 1259 989 Tarsia
1277 921 1356 996 νννὶρ
1378 922 1467 994 Ζήνι-

290 1028 338 1101 δος
362 1050 421 1117 pro
440 1028 568 1102 Μιινίιι,
595 1049 694 1117 quarn
713 1028 894 1093 quor’rrort
918 1025 1067 1093 omnibus
1087 1036 1197 1092 notam
1218 1024 1304 1093 lecit,

335 1132 649 1223 Nonnumquamin
679 1133 870 1199 contrariam
899 1145 1024 1222 partem
1048 1144 1237 1223 peccatura
1258 1130 1466 1219 scriptoribus

289 1238 502 1327 quibusdam,
527 1239 729 1329 quilonicos
748 1252 894 1305 auctores
914 1239 1016 1304 secuti
1033 1262 1099 1303 non
1121 1239 1196 1304 satis
1215 1238 1323 1303 Ionica
1344 1238 1385 1303 ab
1405 1238 1466 1303 At·

290 1345 360 1410 ticis
391 1357 423 1410 et
451 1344 587 1434 vulgatis
615 1345 799 1411 discernunt
826 1354 857 1409 et
882 1352 923 1427 τῇ
943 1352 1025 1425 κοινῇ
1047 1342 1225 1409 admiscent
1243 1343 1405 1434 permulta
1426 1364 1464 1408 er

288 1448 374 1517 lade.
417 1450 520 1517 Nemo
551 1450 613 1515 hoc
632 1450 833 1541 frequentius
853 1448 930 1513 fecit
951 1470 1048 1537 quana
1070 1448 1282 1514 Paarusrras
1306 1461 1339 1513 et
1358 1449 1464 1514 incer-

290 1565 339 1619 tus
371 1568 483 1621 auctor
511 1556 585 1621 libri
617 1557 658 1623 de
686 1548 863 1620 mulierum
888 1555 1090 1633 virtutibus,
1123 1554 1235 1643 quiin
1266 1552 1465 1619 Plutarcheis

286 1659 512 1728 circumfertur
532 1660 676 1729 Tomll.
696 1686 727 1752 p.
749 1664 815 1726 243
835 1683 904 1749 sqq.
941 1659 982 1724 Et
1003 1658 1375 1726 Pssuuo-Puuraucuus
1390 1656 1463 1748 qui-

287 1764 363 1831 dem
392 1766 601 1858 Lampsacum
631 1779 664 1832 et
686 1766 919 1856 Lampsacenos
939 1785 1010 1852 cap.
1031 1766 1081 1846 18.
1105 1762 1300 1827 Πιτυόεσσαν
1321 1764 1465 1853 appellat

286 1883 320 1937 ct
335 1873 597 1949 Πιπνιεοπννούς,
618 1871 804 1939 canaonas
820 1871 1076 1959 Lampsacenum
1095 1867 1293 1946 describens,
1311 1880 1344 1933 et
1361 1868 1464 1933 multa

285 1976 349 2045 ulia
368 1975 551 2042 huiusmodi
571 1978 698 2044 retinet.
744 1976 960 2041 Paurussrus
978 1987 1088 2041 autern
1105 1987 1193 2041 totus
1212 1975 1315 2041 verbis
1335 1974 1463 2040 formis-

287 2084 352 2171 que
380 2080 497 2146 lonica's
524 2094 668 2161 constat,
698 2081 826 2172 quales.
840 2093 915 2147 sunt
938 2087 1096 2160 μιιςῆρες,
1118 2081 1379 2160 ἀποδασάμενος,
1403 2084 1463 2145 πῶν

287 2186 447 2268 σφετέρων
479 2190 580 2262 λιιῶν,
613 2189 777 2271 φιιμένιρς,
807 2187 942 2261 σπονδὴν
970 2184 1107 2259 ἐτίθετο,
1139 2186 1225 2264 μετὰ
1251 2186 1302 2259 δέ,
1327 2184 1462 2257 ἄποινιι,

284 2291 474 2371 ιὶποεογεῖν,
499 2293 709 2377 οὶμφιέπονοιι
737 2294 796 2380 (sic
815 2293 876 2383 leg.
898 2295 959 2369 ta,
979 2292 1011 2356 2.
1040 2314 1101 2380 pro
1120 2292 1385 2380 ἀμφιπεσοῦσα),
1407 2296 1462 2372 Φι-
1566 2323 1569 2329 ’

285 2392 407 2470 λόπιπιι
430 2395 584 2470 attactas,
610 2397 830 2475 δνλιρπιιμὲνν,
853 2396 927 2461 alia.
975 2394 1014 2459 In
1032 2393 1082 2460 his
1101 2405 1178 2461 sunt
1196 2395 1465 2462 nominamulia·

285 2496 353 2565 bria
382 2500 456 2567 solis
485 2500 619 2567 Ionibus
643 2514 719 2566 nota
744 2506 771 2567 l.
795 2500 967 2578 Εἷλεβίνν,
991 2504 1022 2565 2.
1046 2501 1237 2583 Πολυμήλη,
1263 2504 1316 2565 19.
1340 2501 1463 2583 Ἰφιμέ-

283 2603 352 2679 διρν,
378 2605 450 2672 alia.
486 2605 520 2672 Si
543 2608 615 2697 quis
635 2606 675 2671 ad
697 2606 778 2673 haec
800 2607 1026 2671 Panrusnruu
1043 2603 1192 2693 inspiciet
1211 2604 1463 2671 animadvertere

281 2712 401 2799 poterit
435 2711 536 2800 (quod
567 2711 672 2777 adhuc
703 2734 832 2790 omnes,
867 2707 954 2799 quod
992 2706 1108 2785 sciam,
1141 2708 1332 2798 interpretes
1363 2710 1460 2800 fugit)

282 2827 444 2892 auctores,
461 2838 541 2904 quos
561 2815 683 2881 ridebit
703 2816 836 2907 singulis
856 2813 1015 2903 capitibus
1032 2812 1223 2903 adscriptos,
1246 2835 1313 2877 non
1333 2814 1460 2905 abipso

198 2981 201 2985 ,
234 2918 238 2924 ’
281 2920 476 3011 Paurususo
507 2932 602 2987 testes
629 2944 698 2987 esse
725 2921 901 3000 adductos,
941 2919 997 2987 scd
1027 2921 1067 2986 ab
1097 2921 1162 2985 alio
1191 2920 1333 3011 quodam
1364 2920 1461 2987 docto

282 3025 520 3107 Grammatico,
537 3027 593 3116 qni
611 3026 775 3119 indagavit
799 3027 885 3093 unde
907 3026 1039 3093 historia
1060 3048 1208 3119 quaeque
1227 3052 1245 3092 a
1266 3026 1463 3093 Panrnsnro

279 3143 361 3199 esset
381 3146 495 3201 sumta.
542 3133 708 3203 Nonnulla
728 3132 867 3227 reperire
885 3156 950 3201 non
970 3136 1092 3225 potuit,
1116 3136 1149 3200 in
1170 3134 1240 3199 aliis
1260 3130 1340 3199 alios
1361 3156 1461 3224 quarn

278 3233 346 3325 ipse
375 3235 590 3303 Panuussrus
613 3246 708 3303 testes
731 3238 891 3330 produxit.
935 3235 974 3301 ln
996 3237 1102 3327 capite
1125 3241 1166 3302 13
1186 3236 1258 3326 lege
1278 3239 1458 3320 ’λρνπιιδιις

278 3362 336 3429 pro
366 3342 545 3416 Arcessitus.
602 3344 640 3409 ln
674 3367 744 3435 cap.
772 3348 792 3409 8
823 3342 1029 3409 manifestum
1059 3343 1120 3407 erit
1149 3341 1222 3407 illas
1251 3344 1457 3411 auctoritates

279 3446 318 3511 ab
338 3446 401 3511 alio
421 3470 487 3513 esse
508 3449 679 3539 appositas.
719 3450 850 3537 Reperit
871 3448 957 3514 enim
977 3446 1158 3525 historiam,
1183 3471 1280 3538 quam
1301 3450 1457 3515 Passus-

278 3570 351 3617 urus
373 3563 492 3629 narrat,
513 3552 597 3641 apud
615 3559 861 3621 Anrsronsuuu
881 3551 1073 3641 quemdam,
1091 3553 1145 3617 sed
1166 3554 1295 3619 mutatis
1315 3554 1456 3619 nomini-

273 3640 354 3733 bus,
384 3666 420 3721 ut
447 3660 608 3743 appareat¹
628 3657 852 3722 Panrnrnruu
883 3676 948 3720 non
967 3655 1065 3734 ,hunc
1093 3654 1147 3720 sed
1170 3657 1269 3721 alium
1289 3671 1454 3724 auctorem

278 3783 345 3827 esse
376 3767 531 3841 secutum.
564 3760 660 3840 isopsi
686 3759 884 3840 Ἀριςόδιρμος
914 3760 927 3823 ὁ
954 3760 1101 3831 Nesaeos
1129 3762 1161 3824 ἐν
1186 3761 1218 3824 σι’
1242 3762 1358 3842 ἱςοριῶν
1382 3765 1452 3845 περ)

277 3866 404 3940 τούτου,
431 3862 514 3935 πλὴν
539 3857 585 3927 ἔπι
614 3862 656 3926 ποι
682 3860 823 3941 totam
846 3864 1050 3929 ὑπιιλλοὶππει
1074 3864 1145 3929 sissi
1170 3863 1325 3945 Ἡρι’ππιρς
1346 3870 1451 3932 ιιιιλῶν

275 3965 452 4045 salanias,
485 3965 537 4031 τὸν
560 3965 599 4029 δὲ
630 3963 793 4049 βόρβορον
824 3965 992 4049 icasmos,
1026 3989 1109 4058 quae
1135 3990 1292 4035 non-esse
1314 3971 1354 4036 ab
1379 3972 1449 4063 ipso

275 4074 470 4140 Pauruunro
494 4069 651 4161 adscripta
675 4072 747 4138 luce
771 4073 886 4139 clarius
911 4086 969 4139 est.

321 4176 489 4250 Caeterum
522 4199 596 4242 usus
625 4178 800 4245 formarum
831 4179 1013 4246 Ionicarum
1042 4180 1128 4271 apud
1154 4170 1364 4248 Athenienses
1382 4204 1449 4246 non

274 4296 321 4353 est
348 4284 444 4375 plane
472 4283 641 4350 inusitatus
661 4286 694 4349 in
712 4285 895 4351 nominibus
916 4286 1109 4375 quibusdam
1133 4287 1289 4377 propriis,
1319 4286 1352 4350 in
1376 4287 1450 4376 qui-

275 4390 412 4457 busdam
438 4389 519 4454 adeo
548 4402 653 4454 certus
672 4401 719 4454 est
740 4402 772 4455 et
797 4402 960 4469 constans,
981 4402 1016 4454 ut
1036 4390 1100 4455 alio
1120 4386 1193 4457 loco
1213 4392 1449 4458 demonstrabi-

275 4520 361 4573 mus:
384 4518 473 4563 nunc
489 4495 640 4585 Dialogus
660 4494 803 4563 Lucrasrr
820 4519 1007 4587 percurrere
1024 4520 1164 4588 pergam.

278 4642 285 4649 -
320 4602 358 4667 ln
383 4602 519 4692 Dialogo
550 4605 580 4668 l.
607 4604 678 4687 §L
712 4602 979 4682 contremiscam,
1010 4602 1126 4692 supple
1151 4602 1197 4667 coi
1223 4601 1348 4674 ονίεει,
1373 4619 1448 4666 mor

276 4705 369 4773 πέντε
384 4709 504 4789 προικὸς
520 4705 670 4777 πιὶλνιντοι
687 4706 927 4790 ἐπιφερομένην,
954 4718 1159 4796 praepostere
1178 4702 1368 4771 dictumest
1385 4728 1445 4795 pro

1189 4812 1244 4861 aa*
