3767 5717
972 600 1031 663 192

410 792 444 857 in
472 792 615 870 vincula,
645 791 684 857 ad
709 791 927 883 supplicium,
957 789 1142 860 ad'uecem.
1186 793 1225 861 si
1245 795 1280 860 ia
1303 792 1488 862 ller'rcucrc
1509 794 1534 861 1.
1556 798 1587 862 u

344 920 347 923 ·
410 898 554 987 pro'rlv
580 898 610 961 δὲ
634 900 710 962 Ἰοῦν
734 899 789 962 σὺν
815 896 931 980 άλιιρσι
955 899 1171 979 άρπασθῆναι,
1203 912 1258 966 aut
1283 901 1317 967 iu
1338 924 1407 992 cap.
1430 906 1460 969 4.
1488 904 1514 968 εἰ
1539 903 1586 980 μὴ

412 1003 510 1069 αὐτοὶ
533 1002 697 1081 ἐβούλοντο
718 1004 771 1067 οὐκ
794 1002 833 1069 θον
855 1002 1025 1086 ἡρπάζοντο
1054 1005 1246 1072 scriberetur
1264 1009 1500 1088 άναρπασθῆναι
1530 1016 1587 1072 aut

412 1106 623 1188 ἀνηρπάζοντο
649 1106 785 1172 absurde
806 1107 927 1173 dictum
945 1120 1035 1175 esset.
1082 1110 1248 1184 Praeterea
1264 1110 1416 1176 Lucuuo
1437 1109 1588 1177 obversa·

415 1222 468 1276 tur
488 1210 650 1277 Pcarours
672 1212 761 1277 locus
782 1212 814 1277 iu
834 1212 996 1279 Phaedro
1011 1238 1043 1304 p.
1061 1217 1126 1280 229
1146 1234 1177 1281 u.
1206 1218 1261 1281 οὐκ
1282 1216 1397 1281 ἐνθένθε
1420 1217 1507 1281 ποθὲν
1533 1216 1588 1281 λε’-

412 1340 509 1396 γεται
529 1316 551 1381 0‘.
568 1317 679 1397 Βορέας
703 1320 758 1393 τὴν
780 1319 960 1399 Ὠρείθυιαν
984 1318 1146 1400 άρπάσαι;
1182 1340 1278 1410 quam
1304 1318 1447 1386 fabulam
1470 1318 1588 1385 Socra·

413 1434 462 1488 tes
491 1422 535 1487 ita
561 1422 787 1513 iuterpretatur
807 1434 842 1487 ut
862 1424 948 1489 dicat
968 1423 1029 1489 sibi
1050 1424 1149 1490 rideri
1172 1426 1314 1515 puellam
1337 1426 1367 1491 ri
1387 1426 1472 1491 renti
1492 1448 1588 1515 prae·

307 1526 313 1533 ’
382 1510 544 1617 ¹cipitcin
568 1526 607 1593 de
628 1550 707 1617 rupe
728 1527 834 1594 datam
853 1529 905 1593 καί
930 1527 1007 1593 οθτοι
1031 1530 1066 1604 δὴ
1090 1532 1329 1606 τελευτήσασαν
1353 1533 1507 1611 λεχθῆναι
1527 1533 1587 1597 ὑπὸ
1632 1532 1637 1537 ’

413 1632 602 1713 σοῦ’Βορεόυ
627 1634 808 1715 άνάρπαςον
837 1632 1021 1713 γενονέναι,
1056 1634 1089 1698 in
1112 1658 1177 1725 quo
1204 1635 1373 1701 discrimen
1394 1635 1481 1724 quod
1505 1635 1589 1701 diri-

414 1760 496 1804 mus
514 1749 657 1826 apparet.
706 1735 742 1801 ln
763 1739 780 1821 §
802 1742 833 1803 8.
863 1742 980 1819 φρονῶν
1002 1758 1068 1803 uon
1090 1751 1137 1805 est
1154 1742 1245 1820 satis,
1268 1738 1436 1831 supplesti
1458 1746 1587 1823 Φρονῶν.

413 1848 487 1931 §9.
519 1841 684 1923 άπέραντα
718 1842 927 1925 ξυμπεραίνρ,
962 1841 1120 1909 Graecum
1148 1857 1195 1910 est
1223 1837 1455 1927 ξυμπεροοίνεις.
1491 1849 1510 1931 §
1538 1850 1591 1915 11.

413 1946 538 2031 φθάσαι
562 1947 615 2011 καί
643 1948 833 2033 καταδῦναι,
867 1948 991 2036 corrige
1018 1948 1142 2031 Φθάσαι
1164 1949 1317 2015 καταδάν.
1352 1952 1444 2050 5112.
1474 1953 1590 2042 supple

413 2054 433 2130 ἢ
458 2052 662 2132 παρακούσας
679 2065 711 2117 et
726 2052 833 2143 recipe
849 2076 885 2119 err
905 2052 1009 2120 codd.
1026 2054 1201 2136 ε’νεφθσκσε
1213 2054 1274 2133 μὲν
1288 2056 1394 2127 αὐτοῖς
1413 2076 1473 2145 pro
1491 2057 1591 2126 αιἰτά.

412 2158 454 2223 lu
476 2160 493 2243 §
516 2160 567 2222 17.
589 2157 761 2239 ἐλευθερίας
785 2158 828 2222 τά
847 2150 995 2224 δοκοῦντά
1015 2160 1042 2224 οἱ
1064 2159 1190 2237 λέγοντι
1209 2158 1420 2224 necessarium
1440 2172 1488 2225 est
1503 2165 1592 2228 ἕλευ-

415 2264 517 2345 θέρος.
542 2261 697 2327 conlundi
717 2263 821 2328 solent
842 2263 996 2345 εἰιεθθερος
1016 2276 1049 2328 et
1070 2264 1253 2345 ἐλευθέριος,
1272 2265 1433 2345 ἐλευθέρως
1454 2278 1488 2331 et
1502 2270 1592 2334 ἐκεν-

416 2368 517 2450 θερίοις
541 2368 602 2433 rid.
626 2372 733 2447 5,13.
762 2373 813 2447 17,
833 2373 884 2435 30.
911 2373 970 2446 66,
992 2373 1023 2434 2.
1069 2367 1108 2432 lu
1133 2371 1151 2453 §
1174 2374 1224 2436 18.
1248 2370 1291 2441 εἷς
1313 2369 1369 2443 τάν
1393 2371 1590 2454 δισκοφόρον,

417 2475 478 2540 nisi
497 2486 590 2565 putas
610 2474 643 2538 in
665 2475 820 2565 palaestra
842 2476 977 2541 ancillas
996 2474 1094 2541 fuisse
1118 2497 1237 2564 reperte
1257 2476 1300 2545 εἷς
1323 2474 1387 2539 τόν.
1437 2476 1455 2561 §
1481 2483 1529 2543 ta.
1559 2483 1592 2546 οὗ

410 2580 549 2664 νομίζεις
580 2584 633 2646 τοῦ
665 2584 760 2647 αὐτοῦ
789 2578 942 2647 εἶναικαὶ
968 2580 1159 2659 ἐπιπέμπειν
1184 2577 1335 2655 ἠπιάλους
1362 2575 1405 2652 οἷς
1430 2581 1469 2647 θον
1497 2584 1593 2650 ἐθέλοι

416 2685 486 2765 σίνε
520 2684 574 2750 καί
610 2686 812 2765 ἀποπέμπειν
838 2684 966 2749 δυνατὸν
995 2685 1092 2765 αὐτῷ.
1131 2683 1250 2775 Graeca
1278 2682 1380 2748 forma
1406 2685 1467 2749 erit
1497 2685 1595 2755 huius

418 2790 614 2871 sententiae,
644 2790 670 2856 si
696 2789 850 2875 deleveris
866 2788 938 2867 εἴγε
963 2800 995 2854 et
1015 2788 1143 2853 δυνατὸν
1167 2790 1264 2871 αὐτῷ.
1309 2790 1402 2872 §20.
1427 2789 1498 2880 lege
1525 2796 1592 2875 πρὸ

419 2904 484 2963 τοῖν
509 2897 611 2963 ποδοῖν
631 2908 662 2962 et
682 2897 743 2961 oea·
763 2895 802 2961 θον
830 2896 929 2977 ζῶντα
955 2894 1038 2959 πάνυ
1064 2892 1197 2959 ἐδεδίειν.
1246 2893 1363 2958 Editur
1382 2895 1455 2976 πρθς
1475 2907 1508 2960 et
1528 2900 1595 2964 οὐδὲ

418 3002 529 3085 ζῶντα.
566 3001 583 3083 §
603 3006 655 3065 31,
680 2997 964 3078 εὐαγγελιζόμενος
992 2998 1075 3079 αὐτῷ
1095 2985 1153 3061 ὅτι
1173 2999 1312 3080 καθαράν
1334 3001 1420 3080 αὐτῷ
1440 3001 1493 3065 καί
1509 3003 1594 3068 άδεί·

319 3154 320 3157 ¹
418 3129 536 3184 μαντον
570 3104 624 3179 ἤδη
655 3103 717 3181 ἕξει
742 3104 798 3177 τὴν
826 3102 923 3167 οἰκίαν
950 3104 1060 3174 οἰκεῖν,
1087 3124 1233 3193 espurge
1252 3104 1343 3193 prius
1362 3106 1447 3188 αὐτῷ
1469 3116 1501 3170 et
1522 3106 1593 3198 lege

416 3208 499 3287 ἔξεςι
531 3231 590 3297 pro
616 3205 689 3285 ἕξει.
736 3211 829 3293 §34.
859 3209 889 3271 ἕν
912 3215 977 3278 τοῖς
1000 3205 1123 3277 άδθτοις
1149 3208 1314 3285 ὑπόγειος,
1345 3207 1416 3298 lege
1435 3220 1500 3285 τοῖς
1518 3215 1593 3279 ὑπο-

422 3311 529 3391 γείοις.
551 3322 583 3376 et
604 3313 621 3395 §
645 3315 695 3376 40.
720 3313 803 3376 οὐδὲν
827 3312 871 3389 ροῗρ
895 3308 1025 3390 ταράξει
1050 3332 1109 3397 pro
1132 3311 1265 3395 ταράξρ.

468 3414 506 3480 lu
535 3416 678 3482 Muscae
705 3416 869 3482 Eneomio
896 3418 955 3492 57,
973 3419 1005 3479 3.
1030 3412 1182 3481 dicuntur
1201 3439 1268 3483 csse
1288 3440 1416 3485 muscae
1436 3424 1594 3503 ὀφθαλμοὶ

421 3530 598 3602 προπαγεῖς
624 3524 704 3587 πολὺ
728 3527 782 3586 τοῦ
805 3520 932 3601 κέρατος
957 3517 1097 3599 ἔχοντες.
1136 3526 1308 3603 Προπανάς
1334 3523 1530 3592 vccabulum
1550 3538 1598 3595 est

422 3624 516 3691 nihili
544 3639 575 3691 ct
596 3650 632 3692 er
655 3624 978 3716 Graecitatis'cpibus
997 3629 1238 3698 removendum.
1286 3633 1417 3723 Legitur
1444 3633 1505 3699 hoc
1532 3658 1597 3701 uno

420 3733 496 3799 loco
519 3746 551 3801 et
570 3736 604 3801 iu
623 3742 790 3817 προπετεῖς
810 3742 857 3797 est
880 3731 1133 3814 emendandum,
1167 3759 1233 3825 quo
1256 3740 1387 3806 nomine
1408 3742 1518 3807 oculos
1537 3766 1595 3809 ex·

420 3850 554 3907 stantes
585 3852 616 3905 et
638 3844 869 3930 preminentes
899 3836 1012 3903 Graeci
1039 3840 1217 3930 appellant,
1247 3844 1363 3933 quibus
1388 3861 1597 3937 opponuntur

424 3948 451 4012 οἱ
476 3953 583 4011 κοῖλοι.
1031 3996 1036 4004 .

470 4048 509 4113 ln
540 4048 623 4113 libro
653 4048 817 4113 adversus
844 4046 1013 4122 indoctum
1043 4049 1146 4115 libros
1170 4060 1449 4136 coementem&
1472 4061 1502 4125 1.
1527 4059 1598 4149 lege

424 4156 588 4237 τεκμαίρει
617 4167 649 4220 et
679 4151 949 4236 παραλαμβάνοις
977 4156 1238 4261 praestruemus
1263 4169 1296 4222 et
1316 4165 1596 4243 παραλαμβάνοις.

321 4310 323 4313 ,
427 4264 497 4348 §3.
530 4260 585 4325 καί
614 4284 666 4339 μοι
695 4260 768 4340 πρὸς
797 4265 854 4331 τῆς
883 4258 1084 4335 Λιβανίτιδος
1114 4257 1199 4344 άφες
1222 4262 1253 4325 ε’ν
1272 4264 1315 4343 τῷ
1339 4265 1466 4345 παρθντι
1491 4268 1526 4330 τὸ
1551 4270 1597 4344 μά

427 4368 604 4450 σύμπαντα
626 4370 737 4448 σαφῶς
757 4364 855 4429 εἰπεῖν
879 4362 999 4452 duplet
1022 4364 1134 4430 vitium
1153 4365 1245 4433 inest.
1280 4367 1341 4431 Pro
1362 4367 1598 4449 άφεςτοεῖἱῑοε

424 4474 525 4557 ἔφες,
552 4469 668 4536 deinde
688 4467 886 4547 Λιβανίτιδος
906 4488 1026 4545 uorum
1041 4480 1074 4534 et
1090 4468 1271 4550 inauditum
1288 4492 1404 4535 numen
1423 4483 1470 4535 est
1490 4474 1599 4540 numi-

429 4579 495 4657 nis,
519 4577 607 4668 quod
627 4598 736 4641 omnes
756 4573 842 4639 iuxta
860 4573 1010 4665 ignorant
1028 4586 1079 4655 et,
1108 4576 1222 4655 credo,
1248 4576 1323 4646 olim
1344 4598 1454 4643 omues
1471 4578 1601 4669 ignora-

430 4694 521 4769 runt,
553 4706 626 4751 uam
656 4678 813 4749 Venerem
844 4680 1017 4771 quamdam
1044 4683 1077 4749 irr
1108 4682 1233 4753 Libano
1260 4682 1382 4753 cultum
1398 4686 1601 4767 ,Λιβανίτιδος
