3767 5717
960 566 1033 633 216

408 765 477 833 lum
493 765 609 833 multis
632 761 735 829 modis
754 746 948 853 depravante
968 751 1149 853 saepissime
1169 752 1202 829 iia
1221 764 1284 841 ίίοη
1304 754 1391 850 abit,
1405 755 1588 836 interdum·

408 853 525 937 ἰηέιίίει
545 872 660 937 omnia.
687 856 821 959 lusigne
842 869 1025 959 exemplum
1045 882 1092 935 est
1110 862 1318 938 inlucmto
1337 877 1391 939 45.
1412 880 1502 961 823.
1524 877 1592 941 ubi·

407 977 530 1043 ridebis
550 978 606 1051 τὴν
630 974 708 1051 ἄσην
730 985 762 1039 et
781 976 837 1049 την
863 972 934 1039 oleru
957 985 989 1039 et
1011 985 1050 1057 τῇ
1067 975 1184 1059 atrata
1204 976 1377 1055 confundi3
1406 990 1445 1061 τῇ
1468 980 1581 1064 dorcic

407 1079 602 1172 impudentis
631 1091 663 1143 et
693 1067 814 1144 indocti
842 1080 1030 1144 correctoris
1056 1092 1121 1145 est:
1152 1081 1214 1147 alia
1235 1082 1308 1148 uide
1326 1084 1412 1173 apud
1433 1084 1583 1149 Donvtn·

407 1202 492 1251 mun
519 1186 558 1250 ad
589 1183 668 1249 haee
693 1182 898 1250 Gnrnrrorus
916 1208 949 1273 p.
970 1189 1030 1262 24,
1050 1188 1104 1252 14.
1134 1189 1168 1252 ἐκ
1194 1191 1321 1268 μοικροῖς
1345 1184 1395 1253 οὖν
1417 1189 1583 1264 ῖολοῖοοης

405 1290 582 1357 οῖοιόλοιισοοι
597 1292 653 1364 τὴν
669 1288 751 1365 ὅροιν,
777 1289 894 1378 quibus
914 1289 1002 1372 adde¹
1017 1290 1211 1355 Plnnsottun·
1225 1288 1266 1354 ad
1286 1289 1470 1358 Mouutnnat
1485 1318 1517 1385 p.
1528 1296 1585 1359 60.

407 1393 446 1460 ln
475 1400 492 1485 §
514 1402 533 1462 5
558 1416 618 1484 pro
637 1393 690 1457 ccl
713 1393 880 1475 φοονλίζεις
906 1394 976 1485 lege
995 1394 1048 1459 κοοῖ
1070 1396 1273 1477 ἐκφοινλίζεις
1293 1406 1326 1459 et
1346 1398 1515 1476 ίοονμοοςῖος
1540 1400 1582 1470 οῖς

406 1501 549 1577 ποικίλην
569 1522 628 1590 pro
650 1499 816 1578 loanceda
839 1500 1011 1576 ποικίλην.·
1040 1497 1079 1563 lu
1097 1492 1277 1566 Multarum
1294 1500 1476 1592 fragmento
1496 1499 1582 1591 apud

407 1605 608 1672 Hnsrc'uruu
631 1595 660 1671 r.
683 1606 733 1676 ca.
1018 1603 1019 1606 '

501 1699 505 1707 ’
631 1708 733 1786 ἔγημε
757 1707 922 1786 θοινμμςην
945 1716 1079 1790 navarre
1102 1711 1141 1781 ὡς
1166 1710 1320 1792 οώφρονοο.

407 1814 479 1904 lege
507 1816 676 1894 ίοινμοιςῖος
707 1824 740 1877 et
768 1812 836 1878 ride
865 1813 1118 1882 Grammatioum
1144 1815 1227 1879 serio
1250 1808 1420 1882 docentem
1440 1819 1479 1890 ὥς
1499 1838 1584 1881 uon·

408 1940 586 2010 numquam
607 1918 784 2008 significare
806 1918 894 1994 λίοιν,
917 1931 953 1984 ut
972 1920 1008 1984 in
1027 1918 1089 1985 hoc
1110 1915 1290 1988 Muranum
1314 1944 1414 1988 versu.
1455 1921 1495 1987 ln
1513 1926 1532 2011 ς
1553 1928 1585 1992 8.

406 2024 630 2107 πολομοίχητοί
651 2026 708 2093 ἐςι.
735 2022 966 2106 οιολνμοίχητος
987 2048 1054 2091 non
1074 2037 1128 2101 est,
1141 2026 1298 2093 Graecum
1317 2039 1350 2093 et
1370 2027 1446 2091 ritio
1465 2026 1499 2091 iu
1518 2026 1582 2092 Le-

407 2128 476 2195 xica
506 2142 687 2223 receptum3
731 2128 852 2218 corrige
881 2129 1107 2212 περιμάχητοι,
1152 2154 1216 2221 quo
1247 2144 1383 2199 utuntur
1411 2154 1521 2198 omncs
1548 2143 1581 2200 et

408 2256 502 2326 saepe
530 2235 711 2321 Lucrauus.
834 2222 837 2228 ’

411 2374 413 2381 >
452 2338 492 2405 Iu
515 2340 808 2431 Pseudosopirista
833 2362 933 2408 unum
955 2362 1095 2407 errorem
1112 2342 1281 2422 refutabo,
1304 2363 1371 2408 nou
1390 2342 1583 2421 scribarum,

407 2443 463 2510 sed
485 2444 663 2511 doctorum.
710 2445 843 2536 Legitur
863 2450 921 2525 78,
942 2450 972 2512 9.
995 2446 1025 2511 ai
1039 2472 1087 2522 τις
1110 2448 1226 2531 ψοφοίη
1240 2449 1303 2523 ’τὴν
1325 2448 1416 2529 θύριον
1440 2450 1539 2513 εῖοιῖον
1563 2448 1582 2523 ἣ

406 2550 491 2627 ἐξιὼν
526 2550 651 2637 κόπτοι,
690 2552 746 2641 qui
777 2550 856 2617 haee
888 2549 968 2617 dicit
995 2552 1145 2642 opinatur
1172 2565 1283 2618 contra
1311 2574 1378 2618 esse
1408 2551 1582 2617 dicendum

405 2652 420 2716 ὅ
442 2652 527 2731 ἐξιὼν
556 2660 659 2738 ψοφεῖ
681 2656 737 2731 την
764 2658 872 2739 θύροιν,
897 2658 912 2721 o‘
941 2659 973 2722 δὲ
997 2660 1094 2723 εἰσιὼν
1122 2658 1249 2733 κόπτει,
1275 2670 1387 2749 estque
1408 2657 1489 2723 haec
1509 2658 1581 2724 rul-

406 2757 488 2847 garis
519 2760 627 2850 opinio
656 2761 811 2829 omnium.
851 2761 932 2827 Mihi
962 2773 1070 2838 antem
1098 2774 1239 2829 extrema
1267 2765 1429 2830 barbaries
1458 2764 1583 2832 videtur

406 2861 513 2931 dicere
531 2871 635 2948 ψοφεῖ
651 2890 698 2941 τις
715 2868 771 2943 την
789 2867 880 2948 θύριον
900 2867 1002 2945 ἐξιών,
1023 2890 1164 2958 namque
1185 2868 1323 2937 Graecae
1338 2871 1467 2960 liuguae
1483 2871 1583 2935 ratio-

404 2990 478 3034 nem
498 2970 661 3059 postulare
682 2982 718 3035 ut
738 2970 864 3035 dicatur
884 2970 1015 3049 ἐξιίννος
1037 2974 1117 3046 τινὸς
1142 2978 1159 3051 ἡ
1185 2976 1261 3057 talpa
1281 2969 1402 3062 ψοφεῖ,
1425 2974 1581 3067 quemad-

403 3073 538 3143 modum
569 3065 683 3139 Latiae
711 3080 909 3167 concreput‘t·
927 3080 1049 3141 oricum
1078 3077 1197 3143 dicitur
1216 3093 1250 3146 et
1263 3084 1367 3168 soree
1383 3102 1581 3171 concrepue-

403 3187 503 3256 runt,
531 3190 563 3244 at
590 3190 655 3244 tam
675 3180 847 3245 absurdum
868 3192 934 3259 est,
950 3201 1012 3247 'me
1034 3181 1156 3261 iudice,
1179 3190 1273 3267 ψοφεῖ
1293 3187 1349 3259 τὴν
1375 3187 1464 3267 θύριον
1483 3198 1582 3276 atque
1625 3192 1630 3199 '

404 3304 563 3374 concrepa
596 3289 728 3352 ostrum.
775 3285 928 3377 Magnum
962 3298 1012 3352 est
1042 3288 1329 3355 Grammaticorum
1360 3314 1488 3381 agmen,
1520 3294 1580 3382 qui

403 3386 488 3453 hanc
522 3388 700 3455 doctrinam
730 3388 913 3469 inculcant,
947 3393 1183 3473 Puurureuus,
1212 3396 1356 3476 Monere
1385 3400 1580 3478 eunomus,

403 3495 473 3575 alii,
508 3496 623 3587 quibus
654 3496 801 3563 Graeculi
820 3493 1088 3588 'obtemperantes
1119 3517 1297 3592 coeperunt
1327 3505 1433 3570 dicere
1461 3510 1578 3587 ψοφεῖν

402 3602 473 3667 cruci
503 3602 562 3674 τοῖς
593 3601 705 3682 dairas,
739 3602 885 3685 ε’ψίφηοε
918 3604 977 3674 τοῖς
1005 3603 1116 3684 dripere,
1149 3606 1242 3683 ἐξιὼν,
1260 3614 1364 3690 ψοφεῖ
1389 3609 1448 3681 τοῖς
1473 3609 1574 3689 dirce.

403 3713 516 3791 Ψοφοῖ
533 3720 642 3773 tamen·
669 3706 751 3774 nihil
779 3707 867 3773 aliud
898 3719 946 3774 est
974 3730 1072 3797 quam
1101 3707 1204 3793 ψόφον
1238 3718 1331 3788 ποιοῖ,
1365 3716 1517 3796 ποορέχοο,
1546 3725 1578 3781 et

404 3810 638 3880 intransitivum
657 3826 719 3893 est,
736 3812 761 3879 si
781 3808 868 3904 quod
889 3813 994 3893 aliud,
1014 3826 1046 3879 et
1064 3815 1149 3904 apud
1161 3815 1285 3883 Atticos
1299 3830 1332 3882 et
1350 3816 1434 3908 apud
1453 3816 1579 3910 sequio-

403 3940 462 3985 res.
510 3920 699 3985 Rectissime
723 3910 809 4010 apud
834 3919 963 3986 Lrstan
991 3920 1110 4010 legitur
1132 3922 1527 4012 orat.l.§-14.e’pous'roo
1552 3927 1580 3990 δ’

299 4018 301 4023 ’
403 4024 477 4101 ἐμοῦ
504 4025 536 4089 τί
559 4028 591 4091 ui
617 4028 702 4107 ίύροιι
728 4028 842 4108 νύκτωρ
865 4032 997 4109 ψοφοῖεν
1018 4038 1051 4091 et
1071 4026 1184 4094 eodem
1205 4029 1304 4095 modo
1323 4036 1440 4112 ψοφεῖν
1462 4035 1578 4121 passim

291 4172 295 4179 ·
402 4128 546 4194 recurrit.
593 4130 733 4197 Unicum
760 4132 896 4196 afferunt
923 4131 1066 4222 magistri
1092 4158 1130 4199 er
1152 4137 1345 4227 antiquitate
1365 4134 1473 4205 locum
1494 4138 1579 4203 unde

402 4246 553 4323 appareat
587 4237 637 4324 (ut
655 4236 719 4302 illis
740 4236 871 4327 quidem
891 4236 1031 4326 videtur)
1055 4234 1102 4303 ἔτι
1124 4241 1138 4303 ὁ
1162 4242 1247 4319 ἐξιὼν
1270 4245 1325 4317 τὴν
1350 4237 1441 4323 θύριον
1463 4248 1576 4325 ψοφεῖ,
1676 4236 1681 4241 ’

401 4332 500 4430 quem
527 4340 552 4405 si
582 4342 792 4408 emendavero
820 4343 873 4407 isti
902 4344 1000 4419 errori
1029 4344 1115 4436 apud
1141 4360 1263 4414 veteres
1288 4348 1420 4440 quidem
1449 4344 1577 4410 nullum

402 4448 463 4513 erit
483 4448 633 4514 relictum
652 4448 855 4538 praesidium.
902 4447 1057 4516 Scholion
1076 4452 1183 4518 estad
1204 4455 1448 4521 amsrormns
1465 4448 1577 4516 Nubes

401 4574 446 4617 vs.
477 4557 550 4619 132.
576 4554 632 4618 ubi
653 4554 790 4643 vulgaris
810 4552 956 4621 doctrina
978 4556 1132 4638 traditur,
1155 4556 1274 4625 deiude
1293 4560 1482 4625 Mrraunnn
1500 4576 1579 4622 ane-

403 4666 455 4721 tor
474 4669 506 4725 et
527 4660 614 4727 testis
631 4660 841 4752 producitur,
864 4662 1001 4732 idoneus
1020 4676 1107 4732 certe
1125 4676 1158 4731 at
1176 4665 1341 4757 locuples,
1364 4664 1579 4733 nisitabellae
