3767 5717
1457 652 1497 703 IX

325 833 395 908 scio
416 856 481 906 nec
509 830 683 929 intelligo:
709 830 774 902 hoc
794 826 864 902 scio
884 824 1140 901 institutionem
1164 823 1379 913 litterariam,
1405 847 1489 922 qua·

323 962 392 1035 leur
412 954 472 1034 'ii's'
490 959 660 1058 impertiri
680 956 866 1044 debemus,
891 954 953 1054 qui
976 955 1040 1027 flos
1067 961 1103 1027 et
1124 952 1231 1027 robur
1256 960 1339 1026 sunt
1358 952 1490 1050 patriae

322 1090 532 1176 iuventutis,
551 1086 612 1161 ita
631 1093 863 1183 comparatam
892 1108 969 1157 esse
988 1084 1164 1181 oportere,
1189 1089 1229 1155 ut
1249 1072 1428 1155 iudicandi
1455 1087 1491 1154 et

323 1218 393 1291 veri
413 1214 613 1289 inveniendi
631 1213 776 1286 facultas
797 1212 836 1285 in
856 1209 1066 1285 iuvenilibus
1084 1208 1209 1283 animis
1232 1207 1394 1283 omnibus
1414 1232 1487 1285 mo·

322 1344 377 1419 dis
398 1344 566 1418 excitetur
586 1348 622 1413 et
643 1340 773 1427 alatur,
791 1347 827 1413 et
847 1339 935 1413 nihil
954 1362 1028 1412 ease
1050 1362 1152 1411 sanae
1175 1335 1299 1411 rationi
1321 1334 1488 1433 pernicio·

323 1473 395 1545 sius
430 1492 538 1567 quam
565 1474 701 1541 mature
728 1465 905 1539 assuefieri
924 1465 981 1552 id,
1011 1465 1109 1562 quod
1130 1465 1354 1551 malesanum
1367 1468 1403 1534 et
1427 1461 1487 1537 ab·

323 1589 468 1663 surdum
496 1587 711 1685 eat‚‘inepte·
727 1594 763 1659 et
786 1592 915 1659 temere
938 1584 1197 1687 interpretando
1215 1612 1427 1687 concoquere
1452 1598 1488 1663 et

319 1717 423 1803 terre,
461 1725 735 1811 nonnumquam.
757 1720 794 1787 et
824 1712 971 1811 probare
1004 1719 1040 1787 et
1067 1712 1246 1804 admirari,
1281 1724 1318 1789 et
1351 1717 1488 1793 tamdiu

279 1908 285 1911 .
318 1844 446 1919 iudicio
473 1844 543 1917 vim
564 1843 689 1917 inferre
716 1842 826 1916 donec
850 1841 1016 1917 hebescat
1035 1848 1071 1916 et
1095 1843 1237 1918 tandem
1261 1842 1487 1940 depravatum

262 2024 270 2033 -
319 1981 356 2047 et
376 1972 542 2046 obtusum
570 1971 703 2059 omnia,
730 1995 820 2068 quae
837 1977 979 2069 propter
1003 1969 1127 2047 vitium
1147 1969 1298 2068 intelligi
1318 1995 1388 2045 non
1407 1996 1486 2071 pos·

240 2130 250 2143 ·
320 2108 420 2189 sunt,
447 2102 544 2175 nullo
569 2102 709 2200 negotio
733 2087 801 2173 sibi
824 2099 994 2197 explicere
1017 2104 1118 2197 possa
1143 2097 1310 2175 videatur.

367 2231 593 2327 Quamquam
618 2228 704 2326 quid
726 2227 852 2301 attinet
872 2227 911 2301 in
935 2227 1075 2301 illorum
1099 2226 1270 2303 erroribus
1295 2226 1487 2305 refutandis

317 2381 456 2453 operam
475 2357 637 2454 perdere,
668 2356 729 2455 qui
753 2356 798 2429 de
821 2354 864 2429 iis
885 2353 991 2429 rebus
1011 2354 1186 2443 iudicant,
1222 2379 1309 2452 quas
1328 2356 1487 2433 nondum

318 2484 400 2557 satis
431 2491 697 2583 perspexerunt,
719 2491 755 2558 et
785 2506 828 2558 ea
853 2458 974 2559 volunt
1000 2488 1218 2559 contemnere
1245 2482 1371 2573 videri,
1397 2508 1487 2581 quae

317 2636 510 2709 numquam
533 2633 738 2709 cognoscere
760 2611 876 2685 conati
899 2612 1007 2685 srmt?
1057 2610 1096 2685 Si
1121 2610 1200 2708 quis
1225 2634 1346 2687 eorum
1368 2611 1406 2684 id
1429 2624 1486 2685 aa'-

316 2737 399 2811 tatis
421 2744 474 2810 est
498 2745 536 2813 et
551 2762 592 2811 eo
614 2737 755 2834 ingenio
775 2736 969 2833 praeditus,
996 2743 1040 2811 ut
1057 2737 1166 2834 possit
1190 2737 1389 2813 admonitus
1407 2762 1484 2813 mu·

317 2875 390 2939 tare
423 2865 630 2939 sententiam
661 2871 697 2937 et
727 2864 951 2963 resipiscere,
976 2863 1140 2941 facillima
1172 2888 1226 2939 res
1259 2858 1486 2943 astoensem

316 2994 627 3085 hanonoscerect
650 2992 746 3090 quod
764 3018 883 3068 uerum
902 2992 960 3087 sit.
971 2992 1148 3091 dispicere.
1184 2993 1379 3092 Compouat
1397 2993 1486 3069 mihi

315 3120 440 3219 aliquis
466 3120 639 3219 scriptoris
660 3120 783 3195 Graeci
805 3120 991 3212 cuiuslibet
1011 3127 1072 3195 aut
1094 3120 1506 3221 autumareque»

315 3249 367 3323 vis
389 3256 539 3323 veterem
566 3248 754 3323 editionem
775 3274 856 3323 cum
876 3274 935 3337 ea,
961 3272 1050 3347 quae
1071 3274 1164 3325 nuuc
1189 3249 1396 3325 Griticorum
1418 3252 1484 3326 sol·

315 3377 413 3451 lertia
433 3377 713 3477 emendatissima
732 3385 806 3464 est,
826 3384 864 3450 at
884 3377 922 3451 in
947 3378 1116 3475 cuiusque
1143 3378 1393 3453 emendationis
1416 3378 1486 3453 ori·

314 3503 433 3601 ginem
453 3512 491 3579 et
513 3513 689 3580 auctorem
707 3505 875 3603 inquirat,
896 3505 1125 3583 admirabitur
1151 3494 1318 3599 (sat'soio)
1346 3508 1485 3583 illorum

313 3632 559 3707 incredibilem
582 3636 804 3732 sagacitatem
835 3641 871 3709 et
897 3660 1042 3710 acumen
1068 3634 1189 3709 iudicii
1215 3642 1250 3707 et
1276 3634 1360 3710 felix
1385 3636 1483 3733 inge·

313 3760 430 3849 nium,
465 3761 594 3859 quibus
628 3786 664 3835 se
690 3762 775 3835 baec
805 3761 931 3835 debere
957 3768 1076 3859 gratus
1103 3762 1306 3860 comperiet,
1338 3768 1373 3833 et
1398 3761 1484 3836 fate·

312 3888 408 3963 bitur
428 3890 561 3964 nullam
585 3890 690 3964 aliam
714 3897 938 3987 esseartem,
963 3913 1053 3987 quae
1078 3888 1178 3987 plura
1199 3895 1235 3961 et
1256 3885 1483 3963 luculentiora

312 4023 348 4091 et
368 4017 513 4106 certiora
535 4018 722 4117 pepererit,
755 4025 791 4092 et
819 4018 985 4093 duratura
1008 4016 1177 4115 quamdiu
1198 4016 1282 4091 haee
1305 4015 1349 4090 ab
1371 4014 1482 4089 homi·
1551 4105 1556 4114 Ι

311 4143 415 4218 nibus
443 4145 691 4243 intelligentur.
744 4146 835 4221 Sunt
861 4144 1005 4243 quidam
1028 4144 1074 4219 ad
1094 4143 1178 4219 haec
1203 4142 1357 4219 duriores
1380 4149 1416 4217 et
1441 4166 1482 4217 eo

310 4272 548 4347 stomacbo‘ut
566 4272 682 4347 omnia
702 4280 918 4371 concoquant
937 4279 972 4347 et
991 4296 1113 4369 aegra,
1144 4270 1288 4359 vitiosa,
1306 4270 1483 4346 malesane

310 4396 355 4472 ab
380 4399 484 4473 rectis
507 4407 544 4473 et
563 4400 650 4476 veris
670 4407 707 4475 et
732 4401 850 4499 probis
865 4400 1063 4481 'discernere
1081 4398 1152 4475 iam
1175 4400 1277 4498 plane
1295 4403 1480 4496 nequeant.
1559 4446 1562 4451 n
1694 4430 1700 4442 ·

308 4524 505 4623 Supersunt
521 4527 614 4603 illius
636 4528 773 4627 generis
796 4527 982 4627 reliquiae,
1007 4526 1103 4626 quod
1120 4528 1252 4601 notavit
1271 4527 1481 4599 Bnurnurus

305 4653 343 4726 in
378 4654 437 4727 illo
470 4654 669 4744 osacrifico,
701 4657 763 4755 qui
798 4682 860 4756 per
886 4680 962 4729 xxx
998 4678 1106 4730 anuos
1137 4654 1340 4728 Mamercus
1368 4652 1482 4752 legere

308 4781 428 4858 solitus
449 4808 526 4882 pro⁴
542 4787 742 4875 Samaeos,
774 4810 884 4883 quum
905 4792 1102 4863 moneretur
1128 4782 1287 4873 edocto,
1321 4788 1363 4857 ut
1392 4804 1482 4857 erro·
