3767 5717
989 647 1052 711 158

425 821 481 891 Sic
503 828 566 903 li,
590 827 644 891 il.
679 841 737 910 pro
759 821 886 903 ὠνάμην
905 821 937 888 δέ
959 841 990 888 σι
1011 811 1062 888 tit
1081 822 1116 888 cl
1142 830 1198 898 σῇς
1221 817 1399 899 άνιοώημάιις
1422 821 1565 906 optimus
1589 822 1618 890 Α

424 936 458 996 et
480 929 503 996 ll
527 927 678 996 exhibent
701 927 888 1009 ὠνησάμην,
912 934 949 992 ut
973 927 1006 991 in
1028 927 1133 992 Peurn
1153 926 1269 992 benico
1288 924 1408 1011 legitur
1425 925 1614 1002 ὠνησιισώοοιι

428 1036 651 1118 decentium,
668 1034 841 1100 ὠσσλιιώιιν
861 1052 919 1120 pro
936 1030 1084 1110 ὠνιισώοιι,
1110 1032 1226 1120 (ipsius
1249 1049 1358 1096 errore
1381 1029 1616 1110 dramatici,

425 1139 482 1226 qui
512 1147 680 1206 sexcentos
712 1139 892 1217 commisit,
927 1138 961 1203 iu
992 1136 1044 1202 bis
1075 1135 1257 1204 σάλισινε
1292 1135 1499 1215 άνολώμιισιν
1531 1135 1615 1202 bone

423 1243 488 1311 inde
510 1263 569 1331 pro
591 1243 739 1333 rinnon).
788 1244 856 1310 lam
879 1262 956 1310 vcro
987 1241 1123 1309 lectores
1155 1241 1385 1327 elegantiores,
1415 1237 1534 1326 quibus
1557 1240 1614 1307 ali·

424 1349 529 1418 mrude
551 1350 738 1418 innotuerat
759 1349 905 1432 νιρώισώσιι
936 1366 999 1414 nnn
1023 1347 1195 1424 ὠνησοσώοοι
1220 1365 1289 1412 esse
1317 1345 1515 1423 dicendum,
1539 1349 1613 1422 ὠνη-

423 1453 530 1536 σάμην
549 1455 583 1520 in
602 1453 757 1536 ἐπριάμην
780 1452 1002 1539 mingebant,
1024 1451 1108 1539 quod
1132 1451 1208 1518 alibi
1232 1449 1366 1518 tortasse
1386 1445 1477 1516 scite·
1490 1449 1612 1518 iactum

423 1569 494 1639 est,
530 1567 564 1627 at
589 1560 622 1625 in
645 1559 701 1626 illo
723 1559 809 1635 loco,
833 1565 965 1646 propter
990 1575 1085 1644 quem
1110 1556 1188 1624 bace
1222 1543 1414 1633 scribimus,
1441 1553 1616 1623 infeliciter

422 1663 598 1731 admodum
629 1665 741 1731 restis
771 1665 881 1732 cessit.
940 1663 1070 1750 llepone
1093 1663 1196 1749 igitur
1224 1665 1411 1740 σιώσινοῦν
1441 1660 1495 1726 nel
1521 1661 1613 1742 μόνον

404 1768 581 1849 ὠνάμην
603 1774 658 1835 scd
682 1775 736 1836 σοῦ
757 1768 864 1852 ἔρωτος
888 1775 922 1835 et
941 1765 1075 1837 babebis
1092 1766 1176 1854 quod
1199 1767 1302 1834 solum
1320 1761 1430 1834 eiloeo
1451 1768 1611 1833 convenit.

410 1873 526 1961 ,Saepe
556 1873 706 1940 Lucmnes
724 1872 907 1954 εὀννησάμην
929 1881 963 1940 et
985 1873 1149 1953 ὠνησάμην
1173 1879 1287 1938 contra
1316 1889 1438 1936 morem
1465 1879 1611 1938 veterum

424 1979 614 2064 usurpavit,
640 1997 799 2066 nusquam
820 1977 983 2046 infelicius
1008 1996 1103 2065 quiem
1128 1979 1160 2044 in
1178 1976 1370 2044 Hermotimo
1381 1979 1446 2054 20,
1470 1980 1532 2042 81.
1550 1977 1612 2056 tyn

423 2082 583 2151 σάλάνσον
605 2083 773 2164 ὠνησάμην
803 2086 841 2151 ri
873 2084 1102 2165 πλημμέλημα
1133 2085 1220 2167 ποινά
1255 2081 1383 2157 πένητος
1417 2083 1523 2164 ἀνδρὸς
1557 2087 1612 2150 τοῦ
1744 2131 1745 2142 ι

422 2188 655 2272 Ἐχειιράσσνι,
680 2188 734 2255 ubi
756 2196 789 2256 et
818 2188 921 2256 forma
943 2190 1059 2256 vitiose
1080 2197 1129 2256 est
1152 2199 1182 2256 et
1204 2187 1336 2254 verbnm
1360 2207 1423 2252 non
1448 2186 1611 2254 idoneum.
1744 2229 1745 2242 ι

424 2291 585 2359 Debuerat
608 2295 695 2360 enim
718 2293 910 2381 άξσσιιάμην
929 2291 1048 2362 ἀίσσον.
1094 2291 1312 2361 Seiriuutcm
1336 2277 1611 2379 iacile'poterata

422 2396 566 2485 quolibet
589 2397 706 2465 berum
730 2419 840 2466 rerum
853 2400 981 2466 curioso
999 2399 1147 2484 splenion
1170 2398 1273 2466 solum
1294 2399 1464 2484 antiquum
1485 2405 1516 2464 et
1537 2415 1610 2483 pro·

423 2501 501 2570 bum
534 2522 621 2582 esse,
646 2521 721 2570 nam
748 2504 843 2571 multi
870 2504 931 2574 boe
962 2505 1099 2572 docuere
1125 2505 1293 2591 magistri,
1323 2502 1395 2569 vide
1419 2500 1611 2568 l‘rnnson'ad

422 2608 544 2675 Annuus
577 2608 776 2676 Hnsonrsnuu
808 2630 840 2697 p.
874 2615 940 2678 lbi
962 2619 997 2677 ct
1029 2609 1147 2676 boenes
1179 2609 1219 2676 ad
1247 2603 1448 2674 Psnrnrenuu
1476 2623 1506 2694 p.
1537 2611 1611 2673 tes.

421 2712 527 2794 Quum
550 2733 645 2801 saepe
663 2723 863 2782 correctores
887 2717 1136 2796 mutaverintin
1158 2713 1330 2782 bucieneis
1353 2711 1473 2778 termus
1486 2712 1611 2804 ¹impro-

398 2811 480 2885 'bas
514 2818 745 2887 sincerioribus
762 2816 863 2888 'inira
896 2823 960 2890 erit
986 2819 1176 2889 ostendendi
1206 2819 1306 2885 loeus.
1352 2815 1487 2885 addan
1507 2835 1610 2883 nunu

420 2924 532 3011 potius
554 2923 689 2991 verbum
712 2943 752 2991 cn
774 2927 913 2993 ὠνεϊννιιι
934 2927 1168 3013 compositum,
1192 2923 1277 3011 quod
1296 2923 1525 3010 propemodum
1539 2923 1610 2990 sine

420 3030 558 3115 uestigio
575 3030 692 3115 periit:
705 3038 757 3095 est
772 3038 882 3098 eutem
903 3032 1109 3107 ὠσώνιῑνώιιι,
1134 3031 1228 3095 euius
1242 3029 1382 3095 constes
1398 3035 1504 3094 etmel
1522 3025 1611 3115 apud

421 3134 664 3200 emonensem
689 3133 844 3201 οισιιιι.
871 3135 926 3201 xr.
949 3136 1206 3218 σιισρισσοσι
1227 3135 1323 3219 φησι
1346 3135 1509 3214 sertensi
1531 3136 1610 3200 sno·
1718 3134 1721 3140 ’

420 3238 548 3317 Medae,
571 3231 736 3324 legerim
760 3239 869 3320 λιβών
893 3240 1076 3308 decidebat.
1122 3239 1206 3322 Quis
1237 3235 1400 3324 significet
1425 3233 1609 3304 ὠσοοννοῖοάοιι

419 3342 603 3420 luculenter
626 3341 793 3429 apparebit
824 3365 842 3411 e
872 3345 972 3412 uerbo
989 3344 1178 3420 simillimo,
1203 3343 1289 3430 qued
1313 3341 1510 3429 negligentia
1530 3343 1610 3409 scri-

419 3448 536 3525 barum
562 3455 595 3514 et
621 3447 759 3514 Bsnmnu
778 3450 1016 3534 ιιοιμώιοροώιιι
1036 3450 1138 3538 plane
1165 3449 1279 3536 periit,
1301 3448 1358 3514 sed
1380 3444 1413 3514 in
1435 3449 1536 3515 vitam
1561 3463 1609 3514 re·

420 3553 529 3620 noceri
552 3560 641 3623 certo
660 3553 803 3625 remedio
825 3563 942 3642 potest.
987 3553 1106 3624 liditur
1125 3556 1158 3620 in
1179 3553 1347 3622 l‘nnnnncnr
1365 3561 1607 3636 cncrepuerunt

419 3665 566 3744 σοφισικῇ
590 3660 623 3724 itt
643 3656 779 3725 Bnnnnnr
801 3661 916 3728 Aneod.
940 3661 967 3733 1.
999 3679 1028 3748 p.
1050 3665 1115 3737 67,
1140 3663 1192 3726 bt.
1225 3661 1450 3741 ὠσιροψιινιῖνο
1470 3660 1505 3725 ri
1528 3661 1606 3738 άμσ·

419 3764 563 3852 peccem
585 3764 666 3839 neuen
689 3761 762 3847 ὄψον
780 3763 886 3849 ’ἕτερον
907 3774 949 3851 ‘fil
967 3776 1044 3850 σιμῇ
1067 3764 1314 3848 ὑπερβάλλοντα
1334 3764 1485 3831 comest.
1534 3763 1608 3832 Cer·

419 3871 584 3941 tissimum
608 3877 658 3936 est
680 3872 852 3952 ὠσσψονοῖν
871 3888 985 3938 verum
1009 3889 1099 3949 esse,
1117 3869 1202 3957 quod
1225 3884 1288 3935 non
1313 3876 1441 3935 tanturm
1460 3869 1608 3955 analogia

419 3982 564 4068 praestat
586 3974 643 4042 sed
665 3984 699 4040 et
717 3974 843 4042 Codicis
865 3975 1138 4062 unici-scriptura
1163 3974 1345 4057 ὑσοψώνην,
1368 3975 1423 4040 cui
1439 3973 1608 4060 vulgatam
1741 4041 1742 4052 ,

419 4077 460 4144 de
478 4071 536 4145 'suo
566 4080 728 4145 Brunnnns
752 4079 939 4156 substituit,
963 4079 1067 4146 obiter
1090 4075 1213 4145 besteis
1237 4076 1450 4146 eximendam.
1499 4078 1603 4146 Viden

419 4182 570 4271 idipsum
588 4202 659 4251 esse
680 4183 768 4269 quod
780 4180 1016 4250 immemores
1039 4182 1120 4250 dicit
1142 4185 1371 4266 ὑσονιμιιοάοιι,
1394 4183 1481 4277 quod
1501 4177 1607 4271 genus

419 4295 469 4357 est
491 4289 658 4372 βλιλνριιιι
677 4288 867 4355 etiamnunc
885 4289 964 4354 satis
988 4297 1099 4356 nutum
1116 4299 1148 4356 et
1172 4289 1333 4378 frequens.

464 4392 741 4475 Quemadmodum
771 4393 922 4459 lucianus
952 4393 1133 4478 promiscue
1152 4394 1332 4476 ἕονησάμην
1358 4392 1549 4483 (ὠνησάμην)
1573 4401 1606 4461 ct

418 4498 573 4580 ἐπριάμην
599 4499 649 4564 uti
671 4497 769 4575 solet,
804 4497 852 4563 sie
872 4495 903 4562 ei
933 4493 1066 4584 perinde
1093 4508 1140 4565 est
1163 4509 1273 4566 uirum
1297 4502 1381 4576 λησοσ
1403 4515 1444 4566 au
1468 4501 1607 4580 λήσομαι

417 4600 526 4678 dieat,
551 4599 960 4691 quamquamilludsolum
982 4602 1117 4689 probum
1137 4613 1202 4682 est,
1225 4604 1285 4671 buc
1298 4604 1458 4670 novicium
1484 4612 1517 4670 et
1535 4624 1604 4692 pra-

249 4759 252 4762 .
311 4790 314 4794 ι
421 4723 510 4773 vum.
557 4707 691 4794 Legitur
716 4713 776 4788 15,
805 4707 1607 4792 14,ὠιώηἐνσοώὠιιληοομενοισιὺςσιλεμίοος,
