3767 5717
875 632 937 696 381

492 829 517 894 εἰ
542 827 574 893 δὲ
598 827 641 905 μὴ
667 830 793 908 Φρυγῶν
817 831 835 914 ΙΙ
858 825 995 905 πύργους
1018 821 1173 899 πεσόντας
1196 823 1306 910 ᾔομεν.
1404 860 1406 863 ·

296 931 447 999 ¹(lodices
472 953 581 996 omues
605 931 707 1010 ἴομεν.
756 929 795 994 in
818 929 931 994 Rauso
956 952 999 996 rs.
1024 933 1101 997 855.

563 1038 624 1102 οὐδ’
646 1035 824 1118 ἀφιγμένον
849 1041 867 1124 Η
890 1035 925 1100 τὸ
948 1035 1089 1113 ποὶμπαν
1114 1033 1204 1119 ἦσαν.

310 1139 447 1208 Codices
468 1138 548 1218 ἦτον
571 1152 604 1207 et
626 1140 709 1206 icoo.
757 1138 795 1205 In
824 1138 964 1230 Cyclope
989 1143 1131 1210 re.‚230.

531 1249 585 1313 οὐκ
609 1243 687 1328 ἦσαν
711 1244 787 1310 ὄντα
811 1246 875 1310 θεόν
898 1270 941 1326 με
964 1243 1018 1310 καὶ
1041 1245 1113 1310 θεῶν
1136 1243 1219 1319 ὄντος

308 1362 398 1418 retus
418 1352 514 1418 lectio
536 1365 583 1419 est
601 1349 680 1428 ἦσαν
701 1362 756 1417 eut
775 1351 858 1417 ἵταν.
894 1353 1035 1418 Affertur
1053 1350 1250 1440 abantiquo
1267 1347 1480 1420 Grammatico

308 1457 385 1525 ibid.
433 1465 600 1543 Σοφοκλῆς
625 1458 772 1538 Κόλχοις·
1407 1472 1412 1480 ’

552 1566 642 1643 ὑμεῖς
665 1565 722 1642 μὲν
745 1563 800 1628 οὐκ
823 1561 872 1644 ἄρ’
895 1560 951 1645 ᾖτε
973 1562 1026 1626 τὸν
1050 1560 1226 1642 Προμηθέα.

227 1737 232 1746 ,
304 1665 344 1731 ln
367 1675 537 1734 Arsurum
558 1669 803 1756 Agamemnone
826 1691 868 1734 rs.
896 1669 994 1732 1098.

528 1768 546 1848 ἦ
568 1775 630 1854 μὴν
652 1773 741 1845 κλέος
765 1797 819 1838 τον
841 1775 993 1852 μαντικὸν
1016 1772 1210 1852 πεπυσμένοι

364 1965 368 1968 -
528 1875 644 1960 ᾔομεν,
669 1880 833 1960 προφήτας
859 1880 885 1944 δ’
908 1877 1031 1951 οὔτινας
1053 1877 1245 1957 ματεύομεν.

304 1977 474 2046 Poueortu'e
501 1978 600 2063 ᾖσμεν
626 1981 715 2048 dedit
742 2005 800 2073 pro
830 1983 986 2073 scripture
1007 1982 1164 2048 librorum
1185 1981 1263 2060 ἦμεν
1284 1977 1336 2052 rol
1358 1971 1476 2057 ἦμιὶν,

303 2084 410 2150 nescio
440 2108 536 2175 quam
560 2099 664 2166 recte,
688 2111 762 2154 nam
787 2089 878 2168 ἴομεν
898 2087 1118 2178 praetulerim.
1166 2085 1254 2152 Haec
1272 2085 1371 2175 igitur
1391 2083 1477 2173 apud

305 2188 453 2278 Tragicos
474 2193 619 2283 exempla
640 2207 844 2260 emerserunt.
879 2191 1028 2261 Comicus
1046 2193 1161 2260 iisdem
1180 2191 1292 2257 formis
1312 2211 1385 2254 usos
1404 2191 1478 2256 satis

301 2307 445 2375 constat,
474 2321 668 2390 quamquam
695 2300 884 2366 reiiciendus
909 2312 957 2366 est
977 2298 1083 2377 testis,
1106 2321 1204 2388 quem
1224 2308 1345 2364 veteres
1365 2293 1478 2360 Gram-

302 2401 412 2466 matici
429 2405 628 2491 producunt,
644 2407 718 2495 quia
738 2418 924 2494 corruptum
944 2427 1011 2498 esec
1030 2403 1112 2469 mihi
1131 2402 1242 2469 videor
1260 2401 1477 2466 demonstrare

302 2525 403 2592 posse.
451 2507 642 2574 Producitur
664 2510 750 2575 enirn
777 2509 1028 2576 darsrorutrtrs
1050 2509 1084 2572 iu
1106 2507 1234 2573 Avitus
1256 2528 1300 2572 rs.
1327 2508 1378 2572 19.
1466 2521 1474 2538 ·

462 2613 553 2678 rot'
578 2615 632 2678 οὐκ
655 2612 704 2695 ἄρ’
727 2616 803 2697 ᾔτην
827 2615 910 2680 οὐδὲν
933 2613 1015 2680 ἄλλο
1037 2615 1121 2688 πλὴν
1146 2611 1288 2684 δάκνειν,

304 2715 360 2780 ubi
392 2727 481 2782 retus
508 2729 555 2784 est
585 2719 759 2809 scripturae
788 2718 1018 2809 discrepantia,
1041 2741 1118 2784 uam
1146 2716 1202 2783 alii
1220 2717 1288 2792 ἴτην
1307 2714 1477 2804 lcqebant,

301 2821 391 2910 quod
408 2822 506 2912 plane
525 2825 771 2915 barborumcet.
804 2825 926 2892 Neutra
946 2825 1042 2892 lectio
1062 2824 1143 2890 mihi
1160 2847 1236 2889 eane
1252 2845 1319 2888 esse
1334 2821 1477 2900 ridetur,

300 2929 379 3017 quia
412 2925 481 2994 οἶδα
513 2931 634 2996 δάκνειν
661 2930 748 3021 apud
771 2929 1034 2998 daurorurrarr
1056 2927 1187 3020 quidem
1208 2926 1331 2993 dictum
1352 2938 1388 2992 ut
1407 2923 1477 2992 οἶδα
1572 2923 1582 2938 “

299 3033 407 3112 λέγειν
442 3055 643 3125 concoquere
674 3058 739 3102 noo
771 3057 910 3126 possum.
974 3035 1088 3100 Veram
1114 3032 1304 3110 lectionem,
1340 3032 1367 3098 ai
1396 3030 1476 3122 quid

301 3134 428 3216 iudico,
451 3136 485 3204 hi
509 3140 572 3206 loci
596 3142 772 3234 comparati
796 3141 948 3231 aperient.
995 3139 1195 3228 Lysistrato
1219 3161 1261 3206 rs.
1289 3141 1361 3205 139.

459 3247 543 3312 οὐδὲν
567 3245 630 3328 νοὶρ
654 3250 776 3326 ἐσμεν
799 3249 882 3324 πλὴν
906 3247 1058 3312 Ποσειδῶν
1082 3245 1136 3312 καὶ
1161 3244 1293 3328 σκάφη,

298 3358 331 3411 et
355 3346 387 3412 in
411 3346 523 3416 Bacis
548 3377 591 3419 rs.
618 3357 693 3418 226.

340 3447 342 3450 ¹
621 3458 699 3520 ἀλλ’
722 3457 870 3534 ἐξόλοισθ’
893 3459 978 3538 αὐτῷ
1002 3455 1091 3535 κοοὶξ.

624 3559 706 3624 οὐδὲν
730 3557 793 3641 νοέρ
817 3561 870 3630 ἐτ’
892 3559 969 3624 ἄλλ’
994 3559 1012 3634 ἢ
1037 3559 1126 3637 κοοὶξ.

298 3658 491 3748 respondent
516 3661 638 3728 Ranae:
664 3662 786 3736 εἰκότων
811 3667 856 3742 γ’,
882 3659 903 3728 ὦ
926 3663 1033 3732 πολλοὶ
1055 3663 1218 3744 πράττων,
1241 3661 1298 3729 ubi
1317 3673 1473 3730 annotant

301 3763 446 3830 Veteres:
481 3766 605 3841 εἰκότος
638 3769 721 3834 οὐδὲν
753 3766 834 3834 ἄλλο
868 3768 988 3847 εὀμὲν
1018 3767 1035 3844 ἢ
1067 3765 1163 3845 κοοὶξ,
1194 3768 1272 3832 αὐτὸ
1295 3768 1358 3849 γὰρ
1380 3772 1471 3833 τοῦτο

297 3866 489 3949 πράττομεν.
525 3871 597 3938 Νοο
617 3884 665 3940 est
686 3894 781 3938 orum
802 3894 862 3938 ovo
882 3871 1016 3941 similius
1034 3895 1132 3963 quam
1152 3870 1207 3938 hic
1226 3872 1317 3948 locus
1335 3872 1385 3938 illi
1405 3885 1469 3950 est,

297 3975 508 4064 quamobrem
533 3977 771 4044 emendandum
795 4000 922 4044 censeo:

455 4083 547 4170 τὰδ’
570 4086 623 4148 οὐκ
647 4082 696 4165 ἄρ’
720 4083 813 4160 tiene
837 4084 921 4152 οὐδὲν
944 4081 1027 4150 ἄλλο
1050 4084 1133 4159 πλὴν
1157 4082 1290 4150 δοὶκνειν.

297 4184 330 4251 id
351 4198 399 4252 est
419 4188 503 4252 οὐδὲν
531 4186 612 4253 ἄλλο
641 4187 795 4270 ἔπραττον
822 4189 839 4266 ἢ
870 4188 995 4256 ἔδακνον
1024 4188 1125 4268 μόνον.
1159 4187 1264 4254 Nemo
1283 4186 1470 4255 reformidet

294 4291 419 4382 antiqui
439 4289 550 4358 Critici
569 4292 793 4360 auctoritatem
812 4305 867 4360 aut
887 4294 1170 4362 vetustissimorum
1193 4295 1349 4360 librorum
1367 4293 1468 4360 fidem

295 4398 459 4464 contemni
491 4411 653 4488 queratur.
698 4397 770 4466 Non
803 4399 865 4466 fuit
892 4421 1047 4491 umquem
1073 4402 1157 4468 liber
1181 4406 1246 4468 tam
1266 4397 1468 4477 emendatus,

209 4523 211 4530 ·
298 4514 333 4568 ut
362 4503 394 4568 in
425 4527 464 4569 eo
489 4513 636 4571 HCTHN
662 4517 694 4570 et
711 4513 875 4572 HICTHN
897 4508 1054 4573 confundi
1072 4530 1137 4573 non
1155 4508 1339 4598 potuerint,
1362 4527 1468 4595 oeque

298 4613 362 4672 ta'm
391 4609 502 4676 sollers
526 4622 558 4676 et
585 4623 698 4676 acutus
719 4609 971 4692 Grammaticus,
995 4613 1052 4702 qui
1071 4613 1104 4677 in
1125 4605 1309 4678 huiusmodi
1328 4633 1469 4677 errorem
1516 4649 1521 4660 ·

295 4731 359 4778 non
388 4717 530 4804 potuerit
560 4717 727 4808 implicari.
775 4716 931 4786 Palmaria
960 4717 1183 4786 emendatione
1209 4715 1308 4802 ᾖσμεν
1330 4715 1469 4786 dataro·
1536 4750 1537 4756 κ
