3767 5717
368 617 425 672 rm

373 789 508 873 dustria
529 794 565 861 et
588 808 685 860 verae
705 784 819 859 laudis
840 772 937 858 amor
958 784 1051 859 lenta
1071 784 1236 883 patientia
1257 785 1389 884 optima
1411 794 1447 862 et
1464 812 1543 889 per·

376 916 565 993 lectissima
588 936 773 1011 quaerens,
804 911 855 985 nil
873 918 991 985 ectum
1015 896 1179 1011 reputans
1205 913 1291 987 dum
1313 914 1401 1013 quid
1427 940 1545 1015 super-

380 1046 426 1119 sit
455 1042 647 1142 agendum,
679 1064 749 1114 non
770 1039 932 1139 plausum
957 1040 1191 1115 multitudinis
1216 1049 1358 1139 captans
1381 1044 1443 1116 sed
1463 1066 1545 1141 pru-

298 1202 308 1216 ·
379 1169 591 1249 dentissimis
611 1157 758 1267 'probari
784 1168 866 1241 satis
888 1167 1039 1257 habens,
1065 1168 1193 1266 quibus
1217 1168 1391 1255 duratura,
1410 1170 1547 1268 placent

377 1302 429 1377 τιὶ
451 1302 726 1399 ἐξειργασμένα
751 1298 821 1371 καὶ
846 1294 1149 1395 διηκριβωμένα.
1193 1296 1231 1369 Si
1256 1296 1335 1395 quis
1357 1296 1466 1395 igitur
1485 1299 1545 1371 ho·

378 1452 458 1503 rum
492 1426 667 1525 egregiam
697 1424 850 1498 indolem
880 1448 962 1497 cum
987 1423 1142 1497 doctrine
1162 1422 1346 1522 multiplici
1372 1424 1548 1524 solidaque

379 1556 524 1630 feliciter
544 1554 777 1639 coniunxerit,
797 1552 921 1649 spretis
946 1551 1164 1625 indoctorum
1187 1550 1461 1649 obstrepentium
1490 1536 1547 1626 so·

380 1683 468 1759 culis
494 1689 530 1757 ct
552 1688 674 1755 tenens
698 1681 786 1754 illud
813 1680 1072 1768 Theocriteum:
1089 1678 1230 1778 ἀὐτάρ
1253 1681 1327 1778 ἐγὼ
1349 1682 1549 1775 βασιῦμαι

384 1811 483 1907 suar
515 1808 625 1899 ὁδόν,
653 1808 971 1907 interpretationem
996 1808 1163 1881 Veterum
1197 1832 1278 1883 cum
1312 1807 1551 1885 emendatione

384 1962 521 2036 semper
540 1935 769 2023 consociabit,
800 1960 950 2035 quorum
971 1940 1168 2033 utrumque
1180 1960 1241 2033 per
1260 1962 1302 2009 se
1316 1921 1483 2035 indigens
1504 1937 1552 2011 al·

383 2073 499 2139 terum
529 2064 669 2139 alterius
700 2064 829 2137 auxilio
859 2070 948 2162 eget.
999 2064 1080 2137 Non
1108 2062 1225 2137 minus
1254 2070 1381 2161 peccet·
1394 2064 1455 2161 qui
1481 2088 1552 2139 cor·

385 2199 489 2292 rupta
511 2199 638 2265 temere
661 2182 907 2289 interpretatur
923 2202 1037 2289 quem
1059 2189 1123 2288 qui'
1143 2181 1236 2263 sana
1244 2190 1439 2264 inconsulto
1461 2193 1554 2267 velli-

386 2328 452 2396 cat.
503 2319 660 2394 Tertium
681 2327 734 2393 est
755 2319 830 2392 vitii
855 2314 996 2417 genus,
1016 2318 1053 2391 iir
1077 2318 1172 2417 quod
1185 2300 1294 2416 ¹saepe
1315 2318 1553 2393 iuniores'im-

388 2448 508 2548 plicari
527 2447 646 2536 video,
664 2448 727 2546 qui
739 2446 1039 2520 locumvitiosum
1055 2446 1148 2519 nacti
1163 2445 1297 2520 levibus
1315 2453 1350 2519 et
1368 2448 1557 2521 temerariis

386 2575 666 2651 correctiunculis
700 2599 823 2649 vexare
852 2574 989 2647 malunt
1021 2596 1128 2671 quam
1158 2569 1328 2647 intactum
1348 2574 1557 2672 relinquere,
1640 2636 1642 2641 .

387 2712 424 2778 et
442 2729 544 2803 saepe
564 2689 696 2777 vitiosis
709 2696 885 2776 'vitiosiore
903 2702 1140 2777 substituunt:
1165 2701 1331 2775 hocvero
1352 2710 1405 2776 est
1426 2718 1560 2779 κακοῖ-

390 2860 457 2909 σιν
480 2832 625 2907 ἰᾶσθαι
646 2814 766 2918 κακά,
795 2837 831 2903 et
857 2830 950 2903 male
978 2830 1205 2928 imperiteque
1233 2816 1405 2903 medendo
1432 2857 1559 2930 augere
1648 2822 1649 2825 ¹

390 2958 563 3033 morbum.
614 2957 713 3030 Haec
744 2958 821 3055 ipsa
854 2969 910 3029 r'es
941 2963 1015 3044 est,
1050 2980 1139 3054 quae
1172 2956 1268 3055 apud
1297 2959 1425 3032 multos
1454 2960 1560 3033 etiam

393 3086 545 3159 saniores
567 3084 732 3156 criticam
752 3084 789 3156 in
812 3089 1027 3159 contemtum
1050 3084 1196 3157 adduxit
1217 3091 1253 3156 et
1276 3086 1564 3182 praeclarissimae

394 3212 446 3287 rei
477 3198 627 3286 tantum
642 3211 792 3285 invidiae
818 3196 1006 3289 conflavit.¹
1040 3214 1083 3285 ln
1110 3210 1562 3290 G1cnson1slocoridicu2

394 3341 472 3414 lum
494 3339 533 3413 in
557 3340 703 3416 modum
726 3324 929 3437 depravato,
954 3364 1060 3439 quem
1082 3324 1186 3438 supra
1208 3342 1408 3433 attulimus,
1429 3368 1507 3440 pm:
1534 3354 1569 3419 et

394 3494 447 3543 me
476 3492 556 3543 usn.
581 3490 661 3542 Nun
686 3478 882 3566 permenam
903 3454 1270 3563 sassattlmsnas
1300 3470 1446 3542 correxit
1478 3470 1565 3543 scili·

397 3603 468 3671 cet:
495 3604 531 3670 et
550 3623 602 3670 me
621 3618 829 3669 nasrremn
846 3582 1041 3694 permeatur
1052 3599 1187 3692 fuisse,
1212 3582 1318 3693 idque
1337 3596 1383 3669 de
1406 3622 1441 3669 se
1459 3598 1565 3670 Oron-

397 3748 527 3801 nonnm
559 3725 711 3799 iocatum
743 3710 828 3797 esse
856 3724 1003 3823 putavit.
1065 3726 1109 3798 In
1146 3726 1345 3799 Sosrrnrsr·
1373 3748 1474 3798 versu
1490 3738 1494 3745 '
1508 3726 1567 3799 de·

398 3861 560 3954 provata:

481 3981 578 4056 aitte>
601 3985 834 4055 πέπαυται
856 3959 903 4055 τὸ
925 3990 1087 4080 πρᾶγμα
1112 3966 1181 4054 καὶ
1205 3981 1344 4067 πάντες
1368 3980 1513 4079 σχεδόν

474 4107 581 4185 εἶναι
617 4108 800 4207 μάγειροί
828 4093 955 4203 φασιν
983 4092 1104 4185 ὀὐδὲν
1141 4081 1307 4202 εἰδότες,
1426 4152 1428 4156 v
1492 4158 1494 4165 ι

403 4239 472 4314 fuit
493 4236 556 4335 qui
578 4241 766 4334 πέπραται
788 4222 969 4335 reponeret
993 4244 1028 4313 et
1048 4236 1238 4311 sententiae
1257 4246 1292 4311 et
1313 4245 1424 4312 metro
1445 4265 1572 4315 novam

403 4364 591 4467 perniciem
618 4363 774 4440 afferens.
823 4350 1018 4439 Ponscnus
1047 4352 1231 4441 staturas
1254 4366 1400 4464 reperit,
1434 4376 1470 4441 et
1496 4368 1573 4441 mil·

405 4498 485 4571 lena
520 4492 720 4567 huiusmodi
746 4510 796 4567 'ex
826 4494 1028 4593 Principum
1057 4482 1263 4569 criticorum
1293 4493 1428 4593 scriptis
1461 4495 1576 4593 colligi

407 4630 565 4725 possunt.
614 4622 762 4697 Discunt
790 4622 878 4695 milri
905 4648 949 4703 cn
975 4622 1210 4700 lris'·iuvenes-
1231 4642 1345 4719 quam
1363 4621 1576 4720 praeclarum

410 4754 455 4827 sit
468 4739 904 4848 emendandi-praesidium
924 4750 1051 4827 inerte
1069 4750 1372 4849 Palaeograplrioa,
1395 4774 1484 4848 quoe
1504 4739 1578 4825 sola
