3767 5717
947 586 1012 649 240

397 780 487 847 nullo
515 780 643 869 negotio
672 779 782 846 critica
811 802 860 844 ers
888 778 1039 869 dissipare
1063 792 1184 869 potest,
1206 804 1265 871 pro
1284 780 1440 860 ordinarer
1459 778 1572 868 legeu-

398 887 475 951 dum
496 899 543 951 est
561 888 730 965 τιθέμενοι,
748 898 780 951 et
797 884 915 952 babent
934 885 998 950 hoc
1015 885 1080 951 duo
1101 888 1215 977 optimi
1230 886 1366 952 Codices
1382 885 1454 964 ΔΕ;
1474 887 1572 950 etiarn

399 994 425 1059 si
446 1016 510 1058 non
531 992 702 1071 haberent,
720 1004 806 1058 certa
828 981 1052 1057 emendatione
1071 1007 1198 1083 poterat
1219 993 1358 1071 restitui,
1375 991 1574 1079 adscriptum

401 1110 447 1163 est
477 1098 509 1161 in
535 1100 679 1187 margine
699 1099 890 1177 ποιούμενοι,
917 1099 992 1188 quia
1013 1103 1176 1181 τεκμήριον
1195 1101 1345 1178 τιθέμενοι
1367 1097 1450 1188 apud
1474 1096 1574 1161 Grae-

351 1204 353 1209 ’
402 1204 492 1269 culos
513 1227 578 1268 uon
600 1215 667 1268 erat
687 1204 718 1269 iu
740 1226 814 1281 usu,
839 1202 890 1267 sed
909 1205 1071 1282 τεκμήριον
1095 1205 1282 1282 ποιούμεναι
1306 1203 1434 1293 irrepsit
1452 1204 1484 1267 in
1506 1214 1574 1267 tex-

400 1321 487 1388 tum,
506 1309 622 1375 deinde
644 1310 734 1375 scioli
749 1310 904 1386 τιθέμενον
918 1307 1086 1374 dederunt.
1114 1308 1258 1399 Corripe:
1278 1313 1440 1390 τεκμήριον
1455 1313 1510 1373 τού
1527 1308 1574 1385 μέν

399 1420 473 1497 παρ’
505 1414 593 1496 ν’έλλιρ
618 1415 761 1496 πρέτερέν
786 1440 820 1478 σε
847 1414 1075 1489 δεδειπνηκέναι
1095 1416 1148 1481 καὶ
1173 1417 1208 1481 τὸ
1232 1418 1335 1481 καινὸν
1361 1411 1441 1479 εἷναί
1464 1436 1509 1476 σοι
1535 1412 1571 1475 τὸ

399 1520 626 1601 χειρόμακτρον
661 1521 829 1599 τιθέμενοι,
864 1533 951 1587 recte
979 1521 1012 1585 id
1045 1522 1196 1611 quidem,
1227 1522 1378 1612 quoniam
1399 1543 1492 1583 suurn
1513 1505 1577 1582 sibi

401 1627 537 1716 quisque
558 1625 784 1706 χειρόμακτρον
804 1625 943 1691 habebat
960 1639 991 1691 et
1011 1627 1161 1691 afferebat
1182 1649 1299 1692 secum.
1325 1629 1411 1711 §le
1431 1626 1484 1707 ζῆν
1500 1626 1575 1689 ὑπο-

401 1731 582 1809 λαμβάνεις
607 1732 709 1797 scribo
730 1733 977 1811 ὑπελάμβανες,
997 1756 1071 1797 narn
1092 1734 1219 1823 agnovit
1239 1756 1378 1799 errorem
1398 1754 1492 1797 suum
1513 1729 1577 1795 soi·

399 1838 485 1903 licet.
520 1840 537 1922 §
561 1842 611 1902 17.
637 1837 778 1901 ἐλείπετο
800 1838 929 1902 καὶτῶν
951 1838 1020 1920 οίρτι
1040 1840 1281 1915 εἰσεληλυθότων
1300 1838 1455 1919 δευτέρους
1473 1832 1569 1909 εἶναι,

400 1942 514 2032 supple
544 1945 578 2008 πθ
602 1943 657 2007 καί
678 1954 709 2007 et
739 1942 845 2032 recipe
876 1966 913 2008 ex
939 1954 995 2009 ΑΕ
1018 1944 1168 2012 κατέπιεν
1194 1969 1253 2035 pro
1272 1944 1477 2026 κατέφαγεν,
1509 1940 1573 2005 boc

393 2050 540 2140 prodigi
558 2061 618 2127 est,
637 2047 719 2113 illud
740 2050 911 2115 helluonis.
937 2053 955 2135 ὅ
978 2052 1028 2115 18.
1053 2051 1290 2129 ἀποτεινομένου
1312 2054 1366 2114 τοῦ
1390 2048 1484 2113 πίτου
1499 2047 1576 2112 imo

399 2178 473 2219 rero
499 2154 770 2235 παρατεινομένου.
808 2160 825 2241 §
852 2159 890 2219 19
920 2156 991 2244 lege
1020 2155 1066 2219 δύ’
1091 2155 1109 2230 ἢ
1135 2163 1222 2237 τριῶν
1243 2178 1301 2246 pro
1322 2157 1339 2231 ἢ
1359 2154 1410 2219 δύο
1434 2154 1452 2230 ἢ
1475 2159 1574 2234 τριῶν.

356 2262 360 2267 ’
400 2260 446 2324 δύ’
471 2260 487 2335 l
512 2268 594 2339 τρεῖς
615 2259 765 2324 dicebant
788 2281 851 2324 nou
872 2259 921 2325 δύο
947 2260 975 2335 ἦ.
1013 2262 1105 2346 §24.
1129 2263 1183 2324 ούκ
1205 2260 1350 2341 αἰσχύνει
1372 2259 1576 2336 κύλαξινοέν-

401 2367 524 2448 θρώποις
560 2362 861 2446 οέντεξετοιζύμενοςς
906 2364 1064 2429 sententia
1104 2366 1247 2454 postulat
1284 2362 1573 2445 συνεξεταζόμενος.

400 2472 490 2559 §26.
524 2462 544 2548 ᾧ
574 2469 616 2533 τίν
646 2467 736 2533 itanu
758 2476 945 2533 συνειλούσι
978 2469 1080 2534 scribe
1108 2473 1269 2535 ένειλοῦσι.
1303 2472 1394 2556 §22
1427 2469 1574 2532 δύνασθαι

400 2576 485 2659 ρ’ύδειν
503 2573 608 2650 dilus.
636 2572 718 2637 nihil
737 2573 893 2661 significat
913 2563 1019 2651 αξίως.
1047 2596 1153 2638 reram
1175 2574 1364 2662 scripturum
1384 2572 1577 2637 monstrabit

401 2679 491 2745 locus
515 2685 572 2757 58,
594 2682 647 2744 10.
672 2680 749 2743 αλλ’
770 2674 856 2750 ούτύς
878 2704 917 2756 γε
941 2679 1025 2769 ᾄσας
1048 2680 1151 2757 δεξιῶς
1174 2678 1306 2759 ἑκροθτει.
1339 2684 1358 2765 §
1381 2682 1433 2744 28.
1457 2681 1576 2753 πολλὴν

400 2772 457 2859 την
480 2784 647 2849 κολακείαν
673 2785 906 2864 ἐμφανιοῦντα,
931 2783 1066 2847 emenda
1087 2784 1295 2866 ἐμφαίνοντα.
1328 2787 1417 2870 §3st
1443 2781 1576 2864 περιποί-

401 2914 472 2963 τους
500 2889 682 2969 ἐλευθερίους
704 2908 816 2952 reroco
835 2888 1025 2971 ἐλευθέρους,
1055 2912 1119 2953 non
1143 2901 1190 2953 est
1210 2891 1362 2954 liberalis
1383 2888 1578 2966 ambulatio,

340 3022 346 3035 ⁸
402 2995 456 3062 sed
488 2997 603 3059 labero.
646 2998 741 3081 536.
772 2993 1037 3070 πεπαιδευμένους
1069 2997 1178 3072 μισθοῦ
1218 2999 1381 3067 ὑποτελεῖς
1414 2994 1574 3070 ξυνέντας.

402 3100 555 3168 iocularis
586 3110 632 3162 est
663 3096 741 3160 baec
763 3095 985 3184 interpolatio,
1010 3122 1093 3187 quae
1115 3098 1305 3164 sententiam
1329 3100 1361 3163 in
1381 3098 1576 3163 contrarium

390 3206 566 3297 pervertit.
590 3205 698 3281 μισθοῦ
721 3203 874 3276 ὑποτελης
901 3203 958 3291 qui
978 3222 1039 3282 est,
1064 3217 1099 3269 ut
1118 3206 1257 3282 δασμοῦ,
1282 3204 1376 3286 φθρου
1401 3205 1575 3280 ύποτελής,

402 3332 470 3376 non
499 3313 624 3399 υοσίροίθ
645 3306 840 3383 mercedem,
870 3307 923 3371 sed
945 3308 1037 3375 alteri
1050 3311 1193 3400 pendit3
1219 3309 1281 3375 hoc
1299 3310 1395 3375 etiarn
1416 3322 1580 3397 supererat

405 3416 526 3483 miseris
547 3427 582 3479 ut
602 3413 714 3479 servile
734 3412 922 3501 obsequium
940 3416 1003 3480 suis
1024 3418 1085 3480 sibi
1104 3414 1244 3479 nummis
1261 3437 1366 3479 emere
1385 3414 1578 3480 dicerentur.

404 3524 559 3613 Expunge
584 3522 759 3589 ὑποτελεῖς.
808 3515 846 3581 ln
868 3518 1017 3608 eadem§
1045 3520 1123 3585 dum
1148 3517 1334 3609 philosophi
1353 3520 1439 3608 apud
1459 3533 1580 3587 matro-

405 3652 481 3694 nam
510 3626 549 3691 de
579 3623 751 3714 sapientiae
778 3622 904 3712 placitis
933 3624 1093 3691 disserunt
1114 3624 1295 3714 supervenit
1314 3646 1332 3687 a
1353 3625 1489 3690 moecho
1511 3628 1580 3717 episs

407 3735 504 3800 stola:
530 3733 583 3799 illa
607 3732 713 3796 stetim
739 3732 898 3796 rescribit:
924 3732 1065 3811 intereo,
1089 3732 1213 3821 inquit,
1238 3733 1263 3796 oi
1289 3730 1357 3811 περὶ
1381 3734 1579 3812 σωφροσύνης

406 3844 513 3906 ἐκεῖνοι
546 3840 634 3917 λθνοι
665 3839 754 3905 dedet
781 3839 994 3918 περιμένοντες
1024 3839 1068 3907 ἔτ’
1092 3839 1131 3903 dv
1158 3837 1256 3911 ἐκείνη
1280 3835 1512 3917 ἀντεγράψατο
1537 3840 1579 3919 τῷ

411 3949 513 4027 μοιχῷ
547 3942 754 4025 έπαναδροθμη
786 3944 859 4024 πρὸς
886 3944 941 4018 την
971 3944 1131 4024 οὶπρύασιν.
1181 3940 1254 4005 Non
1281 3942 1432 4021 stabunt,
1457 3943 1587 4032 opinor,

409 4056 433 4118 oi
459 4052 527 4131 περὶ
552 4049 748 4130 σωφροσύνης
769 4047 896 4127 λύγοι,
924 4072 1004 4138 quos
1020 4053 1167 4115 iacuisse
1186 4047 1271 4137 apud
1290 4046 1377 4112 illam
1394 4049 1468 4113 satis
1487 4074 1585 4141 appa·

408 4168 474 4232 ret,
499 4154 553 4219 scd
577 4156 602 4217 oi
627 4153 785 4229 λέγοντες.

456 4260 493 4325 ln
515 4260 680 4351 Apologia
702 4282 783 4349 quae
804 4262 949 4350 seqnitur
972 4268 1029 4341 18,
1053 4267 1090 4329 1:
1107 4260 1234 4327 otlondo
1255 4261 1288 4325 iu
1307 4260 1411 4326 verbis
1434 4258 1506 4327 εἶτοί
1534 4287 1582 4338 τις

408 4368 501 4438 αὐτὸς
529 4370 635 4429 ταῦτα
662 4366 833 4447 γεγραφὼς
859 4366 970 4432 ἔπειτα
1000 4370 1073 4433 έκέον
1101 4370 1210 4432 ἑαυτὸν
1237 4366 1339 4446 φέρων
1369 4369 1411 4438 είς
1441 4367 1583 4434 δουλείαν

412 4472 599 4542 ένσέσειιιεν,
631 4492 704 4533 nam
732 4492 839 4560 neque
860 4472 932 4535 έκιύν
956 4486 988 4539 et
1007 4474 1107 4556 φέρων
1129 4473 1211 4537 bene
1231 4472 1484 4559 coniunguntur,
1508 4475 1584 4562 quia

412 4577 511 4659 φέρων
541 4575 698 4664 signifieat
716 4578 801 4653 μετίο
826 4579 997 4659 προθυμίας
1017 4580 1070 4645 καὶ
1096 4580 1190 4661 ὁρμῆς
1215 4591 1247 4645 et
1267 4580 1313 4644 sie
1333 4578 1441 4645 debile
1461 4590 1494 4644 et
1514 4578 1587 4645 lau-

415 4680 545 4770 guidum
569 4681 642 4745 ένύν
661 4680 815 4763 excludit,
834 4694 866 4749 et
888 4684 963 4774 quia
982 4685 1076 4758 αύτθς
1095 4677 1291 4775 praecedens
1305 4685 1339 4751 iu
1355 4684 1449 4761 αὐτὸς
1466 4708 1588 4769 γεγρα·
