3767 5717
842 605 908 684 aaa

280 806 346 879 iem
367 814 473 880 locum
492 815 628 882 laudans
649 819 699 895 17,
721 822 749 882 5.
775 817 842 881 inei
868 818 914 894 δὲ,
946 819 983 891 ὡς
1006 819 1019 881 ὁ
1043 817 1139 890 narde
1168 841 1225 882 τοο
1250 817 1343 898 ρἰίτορ
1369 816 1451 899 ἔφη,

279 927 344 991 τοῖς
372 925 431 984 τῶν
463 921 626 986 νοσούντων
657 921 764 994 σιτίοις
798 920 919 987 εὀικίτοι
949 923 1150 1002 λαμβάνοντι
1180 921 1286 1002 dedit,
1319 923 1379 986 τῶν
1408 946 1454 987 νο-

278 1022 409 1087 σούντων
444 1047 482 1088 er
512 1025 670 1090 sententia
698 1025 777 1092 dicti
808 1028 972 1105 assumsit,
1013 1051 1076 1093 non
1107 1051 1144 1093 cr
1176 1027 1316 1094 Oratoris
1348 1028 1451 1094 serbis

280 1127 456 1219 descripsit.
984 1117 991 1206 s

323 1233 361 1298 ln
385 1238 448 1314 70,
472 1241 514 1301 35
536 1239 571 1301 ἕν’
591 1239 704 1319 aaran
724 1244 778 1302 τοῦ
804 1241 936 1321 χρίνον,
965 1239 1064 1305 Attici
1084 1239 1253 1305 articulum
1276 1240 1450 1316 omittunt,

277 1351 345 1404 tunt
377 1341 575 1421 τελέσματος
609 1343 761 1408 Doricum
795 1346 987 1411 vocabulum
1020 1357 1066 1410 est
1095 1368 1154 1435 pro
1184 1345 1346 1429 δντοίννς,
1373 1345 1451 1408 σίνοι-

279 1446 436 1523 λοίροοιτος.
562 1513 566 1522 ,

321 1551 359 1616 Iu
389 1553 623 1619 Demosthenis
653 1556 812 1623 lineoma'o
839 1561 901 1636 71,
935 1562 950 1622 1
982 1558 1099 1648 legitur
1122 1557 1317 1646 ineptissima
1347 1556 1447 1622 forma
1492 1567 1496 1578 “

276 1656 445 1735 διοβιιδιῶν
476 1684 535 1750 pro
562 1665 793 1742 τεριτντνίσων.
841 1666 940 1729 Barbari
962 1677 1100 1729 extrema
1123 1673 1169 1727 est
1190 1661 1369 1740 barbaries,
1393 1661 1448 1725 sed

253 1774 332 1853 est.
352 1764 411 1830 iste
441 1766 572 1832 libellus
597 1790 635 1832 er
654 1771 877 1836 recentissimis
899 1769 1178 1860 Constantinopoli
1199 1768 1343 1858 scriptus.
1364 1769 1381 1852 §
1405 1771 1447 1830 33

273 1876 339 1940 τοῖς
360 1871 589 1951 οίτολογισροοῖς
613 1874 839 1956 ἐγγέγραπται
858 1883 1101 1968 promerereris
1124 1873 1262 1962 positum
1280 1883 1337 1936 est.
1358 1875 1445 1960 §37.

274 1973 440 2060 εἰιτνίσοοτο
456 1978 563 2049 αὐτοῖς
584 1979 705 2042 οίνιοιίειν
731 1981 882 2059 Εὔβοιον,
907 1980 1065 2059 Μέγαρα,
1091 1979 1201 2043 vitiose
1219 1999 1278 2069 pro
1297 1975 1446 2052 ὑπηκόους
1469 1975 1472 1982 ’

273 2077 415 2152 ἐποίησεν
453 2082 580 2158 Εὐβοᾶς
615 2082 665 2146 vei
695 2085 915 2166 κατετρίψιιτο
948 2085 997 2150 rel
1029 2085 1133 2150 ienius
1163 2082 1385 2166 προσηγάγετο
1418 2092 1448 2163 ¹,

274 2182 325 2247 rei
353 2184 457 2249 simile
485 2187 573 2276 quid.
618 2192 636 2274 ξ
668 2193 710 2254 50
739 2190 824 2269 aare
861 2198 958 2271 χεῖρον
994 2190 1029 2254 τὸ
1062 2191 1150 2272 orteia
1187 2196 1243 2262 τῆς
1273 2189 1445 2270 ἐλευθερίοις

273 2280 374 2366 ἔχειν,
409 2302 530 2357 ueteres
559 2294 644 2371 μετίο
670 2302 783 2375 χεῖρας
810 2294 863 2359 sed
886 2295 950 2359 alio
972 2317 1084 2359 sensu:
1109 2295 1140 2357 in
1162 2291 1218 2356 tali
1238 2313 1271 2355 rc
1296 2290 1446 2356 dicebant
1520 2333 1525 2338 ·

273 2394 433 2476 πρόχειρον
466 2398 563 2478 ἔχειν.
612 2399 650 2464 in
680 2401 879 2490 Philopalrr‘
906 2423 969 2464 non
1001 2401 1089 2464 iurat
1111 2401 1160 2486 (ut
1181 2396 1324 2462 Lucrum
1344 2396 1445 2461 serbis

274 2510 347 2563 utar
364 2503 426 2579 79,
451 2503 507 2587 23)
529 2504 584 2578 τὴν
604 2505 713 2585 κίτρον
734 2506 900 2584 ἐκκαθῆραι
925 2506 982 2579 τὴν
1004 2503 1160 2582 Αὐγείου,
1186 2513 1240 2567 aut
1265 2503 1297 2567 in
1322 2500 1446 2567 Clrura'-

273 2603 384 2684 demo,
403 2618 458 2672 aut
479 2607 511 2670 in
532 2608 726 2673 carminibus
745 2608 968 2674 semibarbaris
988 2620 1021 2674 et
1041 2608 1295 2698 epigrammatis,
1314 2631 1355 2675 ne
1374 2611 1445 2700 quis

272 2709 351 2774 mibi
378 2714 502 2778 occinat
526 2714 719 2804 epigramma
749 2718 799 2779 15.

386 2820 429 2890 εἷς
453 2819 486 2883 τί
507 2820 613 2898 μοίτνν
638 2819 755 2890 νίττεις
780 2819 878 2897 δέμας
900 2818 1046 2893 Ἰνδιιιίνς
1072 2818 1161 2898 ίσχεο
1184 2818 1311 2898 τέχνης.
1388 2863 1393 2874 «

500 2926 533 2989 οὐ
559 2925 689 2989 δύνασαι
714 2925 860 3006 δνοφερὴν
881 2924 982 2987 aduror
1006 2921 1206 2998 κοοίιρλιοίσοι.

273 3025 401 3092 Frustra
432 3027 622 3107 didicimus,
655 3039 690 3092 ut
721 3025 784 3093 boc
811 3051 876 3094 uno
900 3027 1070 3119 defungar,
1091 3025 1167 3118 quid
1188 3027 1271 3122 inter
1289 3027 1390 3092 λούειν
1410 3041 1443 3092 et

272 3132 361 3214 νίζειν
380 3132 523 3213 intersit,
541 3134 694 3213 λέλονροοιι
716 3145 749 3198 et
768 3133 931 3214 νένιριροοιι,
950 3135 975 3199 si
996 3134 1072 3225 quid
1092 3134 1182 3200 nobis
1203 3156 1275 3199 cum
1297 3133 1362 3199 istis
1383 3135 1443 3200 erit

270 3237 471 3318 commercii,
501 3261 582 3329 quos
608 3238 713 3303 omnia
732 3239 842 3329 inepte
862 3240 994 3306 miscere
1013 3252 1045 3305 et
1066 3262 1269 3330 corrumpere
1289 3238 1443 3306 ridemus.

274 3341 378 3407 Unam
410 3344 665 3408 observationem
698 3343 777 3408 mihi
806 3346 961 3410 reservari
987 3357 1021 3410 ut
1047 3345 1145 3410 finem
1165 3338 1445 3434 aliquando'face-

270 3468 353 3523 rem,
370 3470 451 3535 quae
468 3446 657 3513 huiusmodi>
668 3461 730 3526 est,
748 3460 783 3513 ut
802 3471 867 3512 non
883 3449 915 3512 in
933 3449 994 3513 alia
1013 3471 1047 3513 rc
1064 3450 1162 3538 magis
1178 3462 1328 3539 appareat
1345 3475 1440 3540 quam

271 3551 311 3614 sit
339 3549 538 3615 consuetudo
566 3551 720 3616 sermonis
751 3552 782 3615 in
810 3551 983 3616 formarum
1008 3551 1134 3617 deiectu
1155 3575 1280 3618 morosa
1299 3566 1330 3618 et
1351 3555 1442 3620 fasti-

268 3655 376 3735 diosa,
406 3668 441 3721 ut
470 3656 531 3721 alia
559 3656 698 3730 aliunde,
716 3655 869 3722 adsciscat
889 3669 921 3721 et
944 3671 1135 3748 componat,
1158 3651 1219 3723 alia
1240 3652 1387 3750 repudiet
1408 3673 1440 3726 et

269 3761 417 3840 abiiciat,
446 3763 565 3852 quibus
590 3762 759 3836 commode
780 3773 905 3851 poterat
928 3763 992 3840 uti,
1018 3774 1050 3827 at
1070 3763 1188 3843 noluit,
1212 3775 1308 3856 atque
1327 3764 1439 3832 cadem

268 3868 313 3932 sic
341 3879 464 3934 constet
493 3868 571 3948 sibi,
602 3880 752 3959 utquam
774 3867 876 3956 legem
897 3866 959 3932 sibi
982 3867 1049 3957 ipsa
1070 3865 1248 3958 scripserit,
1272 3895 1340 3937 eam
1361 3895 1440 3938 con-

269 3973 461 4039 stantissime
491 3985 612 4054 servet,
645 3985 681 4039 ut
711 3975 838 4065 ineptus
868 3972 907 4037 sit
939 3973 996 4062 qui
1025 3972 1200 4062 analogiam
1227 3998 1323 4065 quam
1350 3999 1442 4044 usum

267 4077 358 4168 sequi
382 4079 530 4145 maluerit
552 4092 584 4145 et
604 4103 683 4146 nora
705 4081 824 4168 fingere
845 4101 942 4167 quam
967 4078 1011 4142 uti
1029 4078 1156 4168 paratis.
1204 4077 1346 4148 Centena
1366 4096 1438 4150 sunt

265 4185 298 4249 in
318 4185 440 4252 Graeco
462 4208 626 4265 sermone,
651 4185 706 4250 ubi
726 4207 799 4251 usus
819 4184 859 4248 ab
879 4183 1024 4274 analogia
1040 4184 1181 4251 diversus
1200 4187 1281 4267 abit,
1298 4187 1435 4278 plurima

296 4403 318 4473 Ι)
334 4409 488 4472 Impeditum
512 4415 537 4458 ct
560 4406 696 4457 absurdum
719 4407 836 4456 Dronoru
862 4404 954 4455 Srcuar
985 4404 1068 4456 locum
1095 4403 1156 4454 XV.
1182 4407 1240 4464 36„
1263 4405 1289 4454 in
1315 4419 1366 4469 quo
1389 4407 1437 4456 hoc

265 4492 369 4542 uerbum
387 4493 490 4556 legitur,
506 4491 574 4542 felici
590 4491 766 4540 emendatione
783 4490 882 4539 sanavit
898 4490 938 4539 rir
954 4489 1018 4538 doct.
1034 4503 1087 4538 vars
1104 4487 1205 4538 Ocnos.
1229 4489 1334 4538 Editur:
1353 4490 1440 4550 Τιμί-

264 4578 332 4632 dane
348 4575 468 4634 πλεύσας
483 4579 523 4634 εἰς
538 4577 589 4639 τὴν
605 4572 801 4639 Κεφαλληνίαν
826 4576 885 4632 τάς
909 4593 947 4624 τε
968 4576 1051 4630 ναῦς
1074 4576 1107 4638 τῇ
1130 4573 1227 4623 πόλει
1249 4575 1437 4641 προσηγάγετο

263 4657 313 4705 καὶ
335 4660 384 4715 τὰς
406 4663 476 4710 κατὰ
492 4665 544 4728 τὴν
565 4655 755 4728 Ἀκαρνανίαν
776 4657 873 4730 durinc
890 4659 998 4709 ἔπεισεν
1015 4656 1161 4710 ἀποκλῖναι
1181 4659 1248 4726 πρὸς
1262 4651 1439 4725 Ἀθηναίους,

262 4740 328 4790 Rem
345 4756 390 4792 acu
408 4745 490 4808 tetigit
507 4747 648 4810 corrigens:
667 4742 716 4802 τάς
733 4742 760 4794 τ’
772 4746 800 4794 ἐν
820 4743 891 4809 αὐτῇ
908 4741 1000 4798 πόλεις
1018 4741 1213 4810 προσηγάγετο.

1230 4838 1261 4878 24
