3767 5717
871 602 936 667 209

304 788 460 863 ἅποοντοο.
476 790 629 877 ἔμβροοχυ
653 792 714 860 dost
736 795 800 864 ἕτὶν
822 794 934 875 elysiis
959 794 1047 876 stopie
1069 800 1125 869 τῆς
1150 795 1306 875 ῥητορικῆς
1326 787 1489 871 μονονουχὶ

304 899 471 965 exordior
492 898 601 977 λοιβών
625 922 684 991 pro
706 900 833 989 volgata
853 900 993 965 lectione
1012 898 1145 966 tenure
1169 900 1200 963 ἕν
1221 898 1345 977 βροχεῖ
1366 893 1492 984 etquis

306 1000 483 1069 Petronis
510 1001 721 1094 Symposs'um
749 1005 859 1095 legens
881 1017 913 1072 et
936 1004 1051 1070 horum
1071 1026 1136 1069 uon
1156 1003 1284 1092 ignarus
1303 1012 1358 1065 aut
1378 1000 1493 1065 imme·
1513 1052 1517 1059 .

304 1128 388 1175 mor
415 1132 449 1197 p.
470 1111 535 1173 216
553 1127 581 1175 r.
612 1110 668 1175 κοιί
700 1134 751 1189 μοι
782 1110 881 1189 ἔδοξεν
909 1108 986 1175 οὕτω
1016 1112 1083 1176 Orio
1115 1105 1168 1173 rexi
1195 1109 1301 1188 χρυσοῖ
1329 1100 1408 1170 sinor
1435 1102 1490 1168 κοιὶ

306 1211 480 1290 restruere
502 1216 554 1280 κοοί
575 1217 728 1296 revereat
752 1215 810 1285 ίίςε
833 1210 1074 1292 ostendentium
1097 1214 1128 1277 ἐν
1145 1213 1268 1293 βροοχεῖ
1285 1208 1303 1276 δ’
1319 1233 1350 1275 τι
1370 1207 1492 1273 κελεύοι

306 1316 508 1398 Σωκράτνυ,
535 1320 606 1410 quis
633 1333 699 1400 est,
727 1320 879 1412 inquam,
903 1319 961 1410 qui
986 1340 1052 1385 nou
1079 1316 1185 1383 statim
1207 1315 1360 1396 ἔμβροοχο
1381 1333 1493 1377 omen-

311 1417 439 1486 dabit?
1040 1480 1044 1485 ,

364 1524 588 1617 Negligeutius
619 1531 731 1597 rocula
759 1530 913 1614 ἔμβροοχυ
945 1528 1091 1595 abutitur
1121 1525 1288 1592 dntrttttts
1317 1521 1359 1586 de
1381 1521 1430 1593 N.
1448 1521 1493 1588 A.

310 1627 391 1695 vll.
414 1636 466 1697 tl.
488 1634 543 1697 otiu
564 1635 757 1701 ἀπελείπετο
778 1637 809 1701 δὲ
832 1638 928 1701 οιΐιτοῦ
945 1634 1116 1714 ἔμβροιχυ,
1138 1630 1195 1696 ubi
1212 1630 1348 1696 Jtcotts.
1369 1624 1494 1691 indicn-

314 1732 366 1799 vit
393 1734 500 1802 iocum
528 1760 565 1803 er
590 1740 630 1804 V
626 1745 716 1806 ανοίἐι
734 1740 905 1806 Historiis
925 1738 984 1804 tlt.
1007 1741 1060 1804 47.
1083 1735 1284 1805 desinendi
1308 1734 1392 1799 οὐδὲν
1412 1731 1495 1814 ὠφέ-

310 1852 404 1914 λησε·
427 1842 470 1905 τὰ
499 1844 592 1909 πέντε
621 1846 675 1911 noi
703 1847 919 1925 idoneiorem
944 1844 1014 1920 ἔτν,
1048 1841 1128 1922 ἅπερ
1154 1836 1204 1907 οὖν
1225 1838 1385 1917 διεβίωσεν
1410 1836 1494 1903 οὐδὲν

311 1944 470 2021 οἱδιιοιίεοοο
495 1947 566 2020 τοὺς
591 1948 769 2024 'elevatione
798 1951 829 2013 ἐν
852 1951 986 2031 βρνχεῑ.
1035 1946 1131 2013 Vides
1151 1945 1238 2011 huno
1259 1964 1390 2034 quoqne
1411 1940 1495 2007 οὐδὲν
1526 2006 1530 2013 ,

313 2046 471 2131 ἔμβραχυ
494 2051 626 2119 dedisse.
673 2052 746 2119 Non
768 2054 865 2120 oredo
885 2054 1022 2121 Graeoos
1039 2053 1109 2119 siue
1128 2051 1193 2117 risu
1216 2053 1359 2117 elatrent
1377 2044 1496 2134 scripta

314 2152 436 2243 legere.
454 2158 610 2247 potuisse,
643 2171 709 2225 tarn
738 2160 851 2227 misere
881 2172 913 2225 et
941 2160 1051 2250 inepte
1080 2156 1200 2223 Graece
1222 2152 1362 2219 balbutit
1382 2162 1414 2216 et
1433 2148 1496 2215 sibi

312 2262 454 2329 mirifice
482 2263 572 2354 loqui
602 2263 736 2332 ridetur.
784 2265 891 2350 Quum
921 2266 993 2332 vult
1018 2264 1141 2331 dicere:
1164 2264 1268 2338 anni,
1288 2281 1371 2348 quos
1391 2257 1496 2337 ussit,

315 2373 439 2444 σεμνῶς
464 2366 548 2433 ποίνυ
567 2369 660 2459 ponit
679 2370 722 2435 rol
742 2368 795 2447 ἔτη
815 2369 896 2452 οἵπερ
920 2366 971 2435 οὖν
991 2369 1162 2447 διεβίωσεν.
1196 2364 1291 2446 ὅνπερ
1318 2359 1367 2429 οὖν
1397 2361 1429 2425 ei
1447 2370 1496 2425 ost

312 2472 353 2535 in
373 2470 495 2538 deliciis
513 2496 572 2563 pro
590 2473 635 2548 le.
682 2476 720 2541 lu
741 2475 824 2540 libro
846 2473 919 2541 tlt.
940 2476 982 2539 de
1000 2474 1045 2541 Ν.
1059 2473 1101 2539 A.
1126 2492 1195 2560 cap.
1218 2473 1260 2535 39
1281 2468 1392 2533 scribit
1416 2487 1497 2530 non·

314 2576 426 2643 nullos
445 2578 478 2643 io
499 2580 731 2645 Arscnnorrrs'
745 2579 818 2645 loco
835 2601 893 2670 pro
912 2578 1075 2660 κεροίοονο
1094 2576 1200 2664 legere
1217 2572 1358 2653 ε’ροίοονο
1376 2590 1496 2659 eosque

318 2681 583 2749 Aursrornrsnrr
605 2684 821 2751 Br‘nrnrtnnsr
835 2683 993 2749 refellere.
1041 2680 1133 2747 Alter
1149 2678 1362 2749 errrnrrtrs
1379 2676 1425 2741 itu
1444 2674 1496 2739 di·

317 2788 381 2854 oit:
407 2788 479 2867 πρὸς
504 2788 535 2851 δὲ
559 2788 629 2861 τοὺς
657 2812 718 2868 μοι
727 2794 878 2871 χῶντοος
901 2790 936 2853 τὸ
958 2788 1072 2867 λεχίὲν
1095 2785 1256 2862 ἀντιλέγει
1281 2780 1386 2847 κοοτίι
1411 2778 1496 2859 spoi-

318 2916 382 2965 τος
408 2889 615 2972 Ἀριςοφοίννς
641 2893 655 2956 ί
677 2892 854 2977 Βυζάντιος.
902 2891 940 2957 ln
962 2914 1030 2981 cop.
1053 2894 1095 2957 42
1121 2900 1225 2955 narret
1245 2886 1397 2953 fabellam
1417 2906 1495 2949 enu-

319 2995 412 3069 deur.
444 3009 539 3086 quarn
569 3019 664 3087 supra
692 3021 709 3064 e
739 2998 926 3064 Florentino
947 2997 1067 3064 Codice
1086 2993 1291 3086 apposuimus
1317 3014 1387 3082 pag.
1412 2990 1497 3066 184,

322 3114 390 3169 tam
417 3101 526 3191 inepte
547 3114 579 3169 et
599 3104 702 3170 verbis
729 3104 958 3195 sententiisque
980 3115 1044 3169 taur
1065 3099 1229 3179 absurdis,
1249 3110 1285 3163 ut
1307 3088 1499 3163 Lustratur

322 3206 505 3273 stoliditatis
527 3208 668 3298 palmam
692 3210 872 3300 praeripere
894 3232 987 3299 posse
1010 3207 1165 3275 ridentur.

325 3356 331 3366 ·
369 3313 537 3405 Opponam
560 3312 608 3377 his
629 3315 737 3379 locutu
757 3313 900 3381 Oratoris
920 3315 1038 3393 Attici,
1070 3314 1104 3379 iu
1124 3335 1190 3403 quo
1213 3311 1270 3378 illa
1290 3309 1498 3402 popularium

324 3419 437 3485 sanitas
456 3439 543 3481 nuno
563 3417 692 3507 quidem
714 3442 777 3484 uon
798 3433 930 3509 apparet
952 3420 1007 3486 sed
1028 3421 1061 3485 in
1084 3420 1246 3508 integrum
1266 3409 1390 3483 restitui
1409 3426 1498 3481 certa

323 3524 481 3591 medicina
510 3536 625 3614 potest.
673 3524 804 3613 Legitur
833 3538 920 3591 nun'o
950 3525 1036 3616 apud
1066 3525 1193 3591 lestolt
1217 3523 1304 3589 Orat.
1323 3522 1380 3588 lx.
1402 3525 1422 3606 §
1445 3524 1498 3586 tl.

324 3633 418 3711 ἐχρῆν
447 3628 498 3691 τὸν
533 3628 679 3701 Κλέοννιν,
706 3627 758 3694 ὅτε
784 3631 836 3694 τὸν
862 3632 924 3695 υἱὸν
955 3632 1007 3695 τὸν
1030 3628 1139 3695 τούτου
1165 3631 1297 3694 ἐποιεῖτο
1323 3627 1498 3707 Ἀςύφιλος

322 3733 376 3807 sori
401 3731 462 3804 rior
488 3731 636 3807 διοίύκοος
665 3732 858 3808 κατέλειπε,
886 3733 1112 3815 ποοροικοολέοοοι
1142 3732 1171 3796 εί
1193 3731 1232 3809 γε’
1259 3754 1332 3795 τινοο
1355 3734 1498 3807 συγγενῆ

323 3838 535 3914 ἐπιδημοῦντα
559 3836 708 3915 ἕχίνιοοκε
730 3836 783 3903 sel
813 3838 884 3910 τοὺς
912 3836 1030 3910 ἄλλους
1056 3833 1114 3919 ἷίτιρ
1139 3836 1189 3901 ἐπὶ
1219 3832 1329 3915 βροιχύ
1350 3856 1407 3913 περ
1432 3832 1497 3915 ᾔδει

322 3942 496 4023 'Asel-‘prm
525 3943 700 4023 χρώμενον,
734 3942 806 4033 quis
829 3942 992 4011 dubitabit
1012 3966 1139 4009 meeum
1160 3962 1315 4031 reponere
1334 3937 1399 4005 sire
1423 3935 1497 4003 τινοί

323 4061 356 4118 el
375 4046 434 4127 ὅτῳ
456 4071 512 4127 περ
537 4046 688 4129 ἔμβροιχυ
712 4050 776 4132 ᾔδει
799 4050 983 4133 Ἀντίφιλον
1006 4049 1189 4132 χρώμενονῖ

327 4192 341 4203 -
367 4146 407 4220 Iri
427 4155 444 4238 §
467 4156 518 4219 19.
541 4154 592 4218 ἐπὶ
615 4155 666 4219 τὸν
690 4155 755 4219 Δίοο
779 4158 978 4239 ιοοοτοοφυγίον
1003 4157 1017 4219 ί
1041 4164 1183 4236 γεννοιῖος
1203 4150 1324 4236 εὕρετο
1346 4152 1391 4231 μὴ
1416 4150 1497 4215 οξτο·

323 4262 443 4334 ίοινεῒν,
488 4282 553 4324 nou
585 4262 730 4338 invenit,
764 4261 819 4326 sed
850 4266 1068 4352 impetrauit:
1101 4262 1210 4352 itaque
1241 4259 1345 4325 scribe
1378 4254 1494 4335 eripere.

322 4364 508 4455 Numquam
539 4364 623 4455 apud
651 4365 802 4455 probatos
831 4368 1001 4457 scriptores
1029 4369 1125 4449 εὑρεῖν
1151 4379 1184 4433 et
1203 4365 1342 4449 εὑρίοίοιι
1364 4379 1497 4450 permu-

326 4483 444 4539 tantur.
492 4472 530 4537 ln
560 4474 577 4557 §
600 4474 652 4536 26.
676 4471 771 4543 κοινὸς
797 4479 898 4545 κοινῶς
923 4473 1088 4547 οὲποίοίνοι,
1118 4473 1235 4539 mirum
1264 4468 1299 4533 ni
1327 4468 1522 4533 Lucienus·

324 4578 471 4644 ἀπόλοιτο
495 4576 637 4655 dederit,
662 4587 696 4643 ut
721 4576 825 4645 solent
845 4595 965 4649 omnes.
1012 4578 1051 4660 ln
1073 4582 1091 4665 §
1113 4582 1167 4646 28.
1189 4574 1322 4660 τελετήν
1346 4592 1418 4641 τινοι
1444 4569 1495 4633 ἐπ’

326 4683 409 4764 airzi
432 4684 596 4764 sinerint,
623 4682 801 4773 composito
822 4704 901 4775 opus
923 4694 973 4751 est
993 4685 1193 4761 ουτίοεσίιοι.
1214 4687 1330 4749 eontra
1350 4677 1384 4746 itt
1403 4676 1422 4759 S
1443 4674 1499 4739 27·
