3767 5717
880 576 943 640 271

324 772 468 853 οἰόμενον.
511 770 669 844 troarne
693 791 733 844 ex
760 768 867 839 codd.
898 767 995 839 ΔΤΥ.
1021 771 1312 865 imperite'reoepit
1331 771 1494 857 πράξειεν,

323 878 412 970 quod
440 879 523 950 bene
552 880 733 951 Benneuus
760 876 948 945 exturbavit.
995 873 1035 944 In
1057 878 1256 946 Tuucrnrnn
1278 880 1368 968 iocus
1389 891 1436 946 est
1456 880 1495 950 V.

323 989 376 1052 90.
406 986 525 1052 δυνατοὶ
556 988 587 1054 δὲ
613 989 638 1052 oi
665 985 853 1067 προῦχοντες
879 983 1051 1066 προόσσουσι
1073 986 1126 1050 καὶ
1156 987 1182 1050 οἱ
1208 987 1347 1058 οὶσόενεῖς
1366 986 1496 1068 ξυγχω-

318 1095 424 1172 ροῦσι,
449 1114 547 1180 quem
570 1116 666 1158 nemo
689 1092 794 1182 capiet
824 1091 882 1180 qui
902 1113 968 1156 uon
988 1091 1167 1170 Beneuen,
1190 1092 1217 1156 si
1244 1091 1327 1156 bene
1345 1091 1498 1171 memini,

319 1194 537 1264 coniecturam
557 1197 785 1279 προστάσσουσι
807 1197 972 1287 probabit:
998 1195 1076 1262 haec
1096 1209 1205 1262 autern
1230 1197 1256 1262 si
1276 1193 1397 1286 ubique
1417 1219 1496 1265 oon·

320 1297 415 1366 fundi
444 1302 584 1382 ridebis,
617 1302 696 1393 quid
725 1300 813 1368 aliud
844 1325 958 1369 causae
986 1325 1053 1370 esse
1083 1302 1170 1369 dices
1191 1325 1288 1392 quarn
1310 1303 1495 1393 neglectum

320 1408 594 1498 conpendiotnn.
640 1409 837 1476 Procedente
866 1422 1009 1501 tempore
1033 1411 1142 1500 plures
1166 1429 1292 1500 semper
1313 1409 1440 1476 codices
1464 1419 1497 1474 et

322 1513 452 1581 taudem
483 1514 719 1606 propemodum
748 1538 857 1584 omnes
879 1539 897 1580 a
919 1513 1142 1606 taohygraphis
1161 1515 1258 1582 scribi
1278 1517 1386 1606 coepti
1404 1526 1497 1617 sunt,

321 1619 378 1708 qui
406 1631 511 1690 vetera
537 1621 727 1713 compendia
752 1621 935 1688 retinebant
955 1623 1075 1725 omnia:
1100 1628 1148 1700 όσ,
1173 1646 1269 1698 ανοσ,
1288 1647 1393 1698 ουνοσ,
1411 1646 1493 1706 παρ,

1069 1717 1101 1728 -
1187 1715 1223 1725 -
1327 1717 1466 1729 —fi-

318 1735 465 1820 (τριοιοσ,
502 1757 609 1812 πριοσ,
640 1717 829 1812 Φιλοπρισ),
860 1717 941 1810 (siin,
978 1755 1031 1809 υσ,
1065 1755 1120 1812 σηρ
1150 1732 1269 1819 (σιρρια)
1302 1756 1382 1810 πνοι,
1407 1757 1493 1815 ςρος,

319 1827 449 1928 (cenom
481 1824 625 1925 caman),
657 1835 719 1902 alia
751 1833 927 1925 quaedam,
955 1851 1015 1925 pro
1043 1836 1125 1910 όεόσ,
1149 1835 1324 1918 όινόριιπος,
1347 1836 1455 1917 οὐρανό
1481 1887 1492 1912 ,

316 1945 424 2025 πατόρ
449 1943 632 2033 (τατριῖιιος,
649 1940 797 2022 ποότριος,
819 1927 1029 2030 φιλόπατρις)
1051 1943 1169 2023 μήτηρ,
1194 1940 1275 2016 υἱός,
1299 1943 1400 2022 σωτήρ
1422 1942 1495 2028 (σα-

316 2047 441 2136 τνρόα),
466 2050 613 2126 πνεῦμα,
636 2045 746 2127 ταυρόι
767 2047 957 2131 (ταυρῶσαι,
978 2046 1157 2136 catanae).
1185 2045 1322 2112 Nullum
1340 2045 1405 2112 ridi
1423 2069 1494 2114 um-

314 2173 413 2242 quam
437 2149 584 2217 codicem
613 2165 668 2218 aut
696 2150 818 2219 oodieis
844 2150 1035 2241 scripturas,
1070 2152 1126 2218 ubi
1152 2175 1217 2219 nou
1247 2163 1302 2218 aut
1325 2150 1405 2220 haee
1425 2155 1492 2244 ipsa

314 2268 519 2349 apparerent,
546 2269 601 2322 aut
629 2256 704 2324 vitia
730 2256 807 2323 hinc
832 2269 979 2347 suscepta
998 2271 1033 2324 ut
1049 2257 1083 2328 iu
1103 2280 1208 2326 errore
1227 2257 1361 2348 antiqua
1379 2279 1494 2326 manua

308 2363 500 2453 pelluoeret.
521 2363 644 2430 Horum
658 2364 802 2432 omnium
815 2378 902 2429 certa
914 2376 961 2432 est
973 2363 1155 2432 emendatio
1168 2376 1202 2438 ut
1213 2363 1370 2430 ridiculus
1384 2364 1424 2430 sit
1436 2364 1493 2453 qui

314 2489 381 2531 nou
403 2468 600 2533 assentiatur.
649 2468 688 2534 ln
709 2468 851 2534 declam
874 2467 915 2531 V
913 2515 922 2532 .
941 2467 988 2555 II.
1009 2466 1069 2534 111.
1090 2472 1143 2532 26.
1164 2467 1283 2533 dicitur
1303 2489 1356 2534 rex
1376 2492 1497 2536 amans

306 2574 454 2660 patriae
469 2571 643 2653 φιλόπαις,
663 2595 722 2661 pro
733 2560 881 2654 Φιλόπρις
899 2569 921 2639 i.
932 2591 961 2637 e.
974 2569 1185 2652 Φιλόπατρις,
1210 2571 1267 2636 ubi
1286 2571 1493 2652 GuortovtttS,

313 2675 371 2765 qui
395 2698 433 2741 ex
462 2674 693 2744 tarsumenno
717 2677 810 2744 affert
838 2675 1039 2742 simillimum
1063 2674 1250 2756 φιλόταιδος
1272 2677 1417 2754 γυναικός
1431 2702 1492 2770 pro
1553 2737 1557 2740 .

311 2779 559 2863 φιλοπότριδος,
591 2793 698 2847 tamen
732 2781 848 2850 abiicit
869 2780 1079 2846 certissimam
1108 2779 1383 2864 emendationem,
1417 2785 1492 2873 quia

311 2885 468 2976 originem
488 2885 603 2953 erroris
622 2909 685 2956 non
704 2899 920 2982 perspexerat.
943 2885 984 2952 ln
1004 2882 1095 2950 laam
1115 2885 1295 2976 fragmento
1314 2893 1335 2952 3
1356 2887 1489 2978 legitur:

311 2991 492 3070 ἠβουλόμην
522 2993 596 3076 μὲν,
619 2988 640 3060 ὦ
667 2991 774 3074 ἄνδρες
801 2993 945 3067 δικαςαό,
970 2993 1015 3070 μὴ
1036 2991 1108 3058 λόαν
1129 2991 1223 3065 νότιος
1244 2995 1490 3073 αγιονόέντορ

309 3095 383 3175 πρὸς
417 3099 561 3177 χρήματ’
597 3096 683 3178 ἔχειν
717 3099 854 3179 αἰσχρῶς
890 3085 949 3166 dise
978 3105 1043 3170 τοῖς
1073 3097 1249 3180 ἀλλοτρίοις
1275 3099 1490 3181 ἐπιβουλεύειν

308 3199 361 3266 οιαὶ
394 3199 482 3274 δίκας
509 3202 659 3275 τοιαύτας
687 3201 882 3283 λαγχάνειν.
913 3199 1088 3266 admodum
1110 3199 1286 3266 ridiculum
1306 3201 1418 3270 vitium
1440 3217 1488 3270 est

308 3305 342 3374 in
373 3307 582 3384 όννονόένται
619 3306 753 3374 emenda
785 3306 963 3386 Ἃρνόόεον,
998 3305 1085 3396 quod
1113 3307 1268 3396 scriptum
1304 3297 1487 3378 Armoeffi

306 3410 388 3477 abiit
415 3410 448 3477 iu
475 3411 699 3499 participium:
727 3410 919 3476 facillimum
950 3423 1017 3476 erat
1036 3413 1088 3476 τὸν
1109 3413 1302 3490 ιέγνοιρόόντα
1322 3417 1484 3493 Ἃρνόόεον

306 3499 472 3584 extrahere
499 3537 535 3577 ea
555 3512 604 3579 his
622 3515 753 3580 latebris
772 3514 893 3590 indicio
916 3515 1211 3582 Hrnrocuarrorus
1231 3537 1261 3582 r.
1281 3519 1485 3596 ἐπισημαίνε-

307 3621 378 3686 σόαι
399 3616 557 3683 laudantis
575 3621 688 3682 Ἰσαῖον
712 3620 742 3682 ἐν
764 3629 803 3699 τῇ
824 3620 896 3698 πρὸς
918 3620 1079 3697 ‘Aroteres
1101 3621 1272 3703 οόπολορίρι.
1315 3621 1484 3690 Eiusdem·

307 3721 396 3790 modi
415 3744 557 3788 errorum
579 3723 678 3812 plena
698 3735 773 3788 suut
785 3724 893 3788 omnia
914 3735 946 3789 et
962 3725 993 3788 in
1006 3724 1158 3792 Lucrino
1170 3748 1299 3815 quoque
1312 3738 1359 3791 sat
1371 3751 1484 3820 magna

306 3839 354 3892 est
372 3827 474 3916 copia.
523 3827 648 3894 Deinde
667 3827 880 3918 taehygraphi
896 3851 956 3917 pro
977 3828 1121 3918 qualibet
1142 3831 1366 3906 terminatione
1384 3837 1482 3924 paulo

304 3932 522 4023 frequentiore
539 3945 654 4010 notam¹
671 3935 842 4023 quamdam
858 3945 980 3999 ¹certam
1000 3947 1232 4015 assumserunt,
1257 3935 1374 4004 formas
1393 3941 1482 4007 litte-

304 4062 412 4108 rarum
448 4041 665 4129 eomplurium
699 4040 843 4106 breviore
875 4040 976 4105 ductu
1015 4040 1206 4130 copularunt
1236 4053 1268 4108 et
1299 4067 1358 4134 pro
1388 4049 1482 4116 certis

304 4144 445 4235 denique
473 4147 577 4212 rerbis
597 4147 689 4237 siglas
708 4147 773 4212 sire
793 4159 883 4213 notas
902 4158 1003 4211 certas
1022 4169 1141 4236 ponere
1162 4162 1345 4238 coeperunt.
1385 4153 1481 4222 Prae·

303 4263 388 4318 terea
420 4250 546 4317 vocales
577 4253 810 4321 inscribendo
840 4253 994 4319 omittunt
1023 4265 1055 4318 et
1082 4254 1218 4342 syllabas
1248 4257 1478 4328 uocabulorum

302 4358 429 4427 ultimas
460 4370 603 4424 resecant
632 4382 650 4424 a
681 4359 801 4425 lectore
831 4358 1042 4449 supplendas,
1077 4371 1120 4446 et
1138 4360 1247 4426 multis
1275 4360 1345 4428 aliis
1374 4366 1477 4432 modis

300 4464 461 4531 scribendi
483 4465 647 4555 negotium
668 4466 855 4532 accelerant.
892 4465 928 4530 Iu
951 4465 999 4530 his
1022 4459 1170 4532 omnibus
1190 4466 1234 4532 ita
1257 4467 1477 4555 versabantur,

301 4582 338 4635 ut
352 4572 436 4661 quid·
446 4585 528 4640 esset
543 4572 697 4664 scriptum
716 4584 770 4638 aut
787 4572 1001 4662 significatum
1019 4571 1139 4662 ubique
1155 4571 1280 4662 liquido
1295 4588 1475 4663 appareret,
1508 4581 1518 4590 '

299 4672 337 4743 iis
365 4689 450 4745 certe
468 4677 525 4770 qui
545 4677 666 4748 Graece
687 4678 805 4748 scireut
823 4689 856 4744 et
875 4675 937 4744 lroc
958 4689 1102 4767 agerent,
1120 4697 1184 4742 non
1205 4674 1342 4745 indoctis
1363 4681 1473 4748 scribis
