3767 5717
995 609 1058 670 100

431 782 573 851 retinent
597 781 782 863 ὑπεσχόμην
807 781 993 864 ἀποφαίνειν
1017 781 1072 856 obv
1093 778 1195 854 ἀνιανν
1215 779 1319 845 οὐσίαν
1342 778 1419 857 sed,
1440 781 1524 867 quod
1554 805 1622 851 rem

434 887 585 966 conficit,
608 886 708 953 ἔθεσθε
732 885 822 966 νόμον
849 923 895 937 --
917 884 988 959 τοὺς
1019 885 1229 958 ἀντιδιδόντας
1251 885 1425 962 ἀλλήλοις,
1451 883 1526 953 ὅταν
1547 890 1623 968 ἀμί-

433 1015 545 1067 σαντεσ
574 994 770 1076 ἀποφαίνωσι
797 991 852 1068 τὴν
876 992 980 1058 οὐσίαν
1004 991 1201 1074 προσομνύειν
1222 988 1308 1055 πίνδε
1331 992 1382 1056 σίν
1405 988 1509 1073 ὅρκον·
1533 996 1622 1060 ἀπο·

430 1097 559 1182 φαίνω
586 1099 641 1173 τὴν
670 1097 776 1162 οὐσίαν
799 1100 855 1174 τὴν
878 1098 1037 1175 ίμαντοῦ,
1062 1097 1138 1182 quis.
1163 1115 1315 1181 umquem
1346 1097 1469 1162 audivit
1495 1099 1541 1165 sie
1575 1101 1622 1167 iu·

430 1210 557 1268 rentem
593 1210 649 1266 eut
672 1202 802 1266 Athonis
825 1202 908 1267 banc
931 1222 1000 1268 esse
1025 1201 1160 1266 sormam
1182 1200 1392 1266 iurisiurandi
1423 1203 1531 1280 credet
1565 1225 1624 1291 pro

429 1306 609 1390 ἀποφανῦί
648 1305 860 1372 ln³Hnnonon
880 1307 962 1372 libro
979 1307 1031 1372 lV.
1062 1325 1091 1374 c.
1118 1310 1179 1372 147
1205 1305 1303 1373 codex
1323 1307 1471 1392 Arconp
1489 1308 1620 1376 exhibet

429 1415 484 1478 οῦκ
504 1411 566 1495 ἔφα
587 1410 689 1491 με’νειν
712 1413 788 1477 ἀλλ’
808 1414 1070 1479 ἀποπλεύσασίαι
1082 1461 1091 1490 ,
1113 1409 1168 1476 alii
1192 1409 1265 1477 libri
1289 1413 1543 1480 circumirentur
1568 1414 1620 1482 de·

430 1517 570 1595 derunt,
602 1521 706 1596 μενεῖν
738 1517 930 1596 Semnones,
964 1518 1080 1584 melius
1107 1517 1290 1582 Drnnonrrus
1313 1518 1441 1597 μενέειν.
1490 1519 1526 1586 In
1562 1521 1619 1589 Lu·

430 1643 518 1690 erruo
539 1641 666 1709 quoque
686 1643 748 1687 non
762 1623 879 1689 desunt
899 1622 1064 1689 luculenta
1084 1621 1249 1708 exenrpla‚
1274 1630 1310 1688 ut
1332 1627 1373 1689 bb
1392 1673 1401 1701 ‚
1423 1629 1476 1690 55.
1500 1627 1533 1691 οὐ
1555 1627 1623 1708 γὰρ

429 1729 561 1795 ὁντινοῦν
595 1729 856 1810 ἀποφαίνειν
882 1728 1076 1812 συγγραφέα
1109 1730 1244 1812 φαμὲν,
1278 1729 1354 1794 ἀλλ’
1390 1731 1620 1808 ὑποδείξειν

432 1835 517 1908 ὁδούς
540 1859 648 1912 τινας,
684 1835 717 1898 in
756 1832 848 1922 §st
879 1840 912 1899 et
935 1838 977 1900 55
1013 1835 1199 1916 ἀποφαίνειν
1229 1834 1332 1917 φησί,
1367 1833 1548 1917 ῦπίσχοιντ’
1577 1837 1615 1904 ἀν

429 1939 617 2022 ἀποφαίνειν
648 1947 681 2005 et
708 1939 789 2004 πολὺ
818 1939 936 2018 ἀμείνω
963 1940 1150 2024 ἀποφαίνειν
1175 1937 1292 2025 ubique
1324 1940 1460 2006 restitue
1491 1945 1619 2027 ἀποφα·

429 2051 490 2111 νεῖν
519 2053 552 2110 et
586 2063 659 2111 mox
696 2045 722 2108 εί
750 2044 786 2118 δὴ
816 2049 960 2110 τοιαῦται
997 2050 1169 2129 φανοῦνται
1202 2063 1259 2128 pro
1291 2043 1466 2125 φαίνονται.
1524 2047 1620 2114 lleele

430 2149 592 2216 Berusetis
622 2149 655 2212 iu
697 2147 721 2236 S
748 2153 789 2213 54
822 2169 880 2235 pro
913 2151 1144 2234 συμνράφοντα
1180 2147 1269 2214 dedit
1299 2148 1531 2232 σννγράφοντα
1562 2153 1616 2218 sed

430 2253 512 2319 nibil
543 2254 686 2340 pmderit
720 2253 820 2320 donec
853 2255 915 2320 δεῖν
949 2255 1146 2342 suppleveris
1181 2262 1253 2341 post
1285 2254 1377 2332 ίίκειν.
1433 2255 1616 2323 Ridiculum

430 2361 547 2426 vitium
584 2359 791 2445 praeterridlt
821 2361 854 2424 in
890 2355 915 2437 S
943 2363 998 2426 55.
1036 2364 1089 2427 οὐκ
1121 2362 1151 2435 ἐς
1183 2361 1302 2436 ποίοισιν
1334 2368 1393 2427 τῶν
1429 2361 1616 2445 προσίντιον,

431 2473 641 2533 namnetum
667 2466 755 2551 egit.
781 2466 837 2550 qui
869 2465 937 2532 vult
965 2474 1062 2532 ποιεῖν
1084 2467 1127 2532 σοὶ
1148 2465 1316 2548 προσίνσαε
1341 2465 1475 2532 emenda
1500 2471 1558 2532 τῶν
1581 2469 1614 2535 οὐ,

342 2567 344 2571 ’
431 2571 612 2654 προσίεσαν.
651 2570 738 2635 non
770 2572 879 2636 minus
902 2579 992 2638 certa
1024 2591 1074 2637 res
1106 2580 1156 2637 est
1182 2572 1214 2637 in
1247 2577 1311 2649 37,
1343 2575 1373 2638 1.
1407 2570 1540 2651 ἔμελλεν
1574 2607 1619 2621 —-

431 2675 554 2743 ἔσεσθαι
574 2677 643 2744 οιαὶ·
659 2675 820 2759 ἐκφαίνειν
842 2697 900 2763 pro
933 2679 1093 2759 ε’νιφανείν.
1143 2679 1287 2744 Tertium
1308 2675 1465 2742 indicium
1490 2692 1635 2764 corrupz

428 2782 512 2848 telae
526 2791 577 2848 est
595 2782 728 2850 voculae
746 2781 787 2848 ἀν
814 2782 847 2846 in
868 2784 1029 2848 sexcentis
1052 2781 1130 2848 locis
1154 2784 1268 2849 uitiosa
1286 2783 1431 2848 omissio:
1458 2782 1545 2848 nulle
1569 2791 1617 2849 est

429 2887 563 2961 rocula,
588 2904 672 2973 qnae
703 2886 830 2953 facilius
849 2887 1042 2953 intercidet:
1066 2887 1137 2954 eius
1166 2887 1253 2954 salus
1280 2888 1467 2973 saepissime
1487 2904 1506 2953 a
1531 2889 1620 2955 tenui

429 2991 547 3058 lineola
566 2991 748 3078 pendebat,
760 2999 797 3056 ut
817 2992 1008 3058 oculatiores
1026 2994 1123 3058 etiam
1137 3044 1146 3068 ‚
1162 3012 1258 3079 quem
1276 2991 1402 3058 scribae
1417 2991 1621 3064 describendi

430 3097 574 3163 taedium
599 3098 650 3161 rix
674 3096 880 3174 devorantem
910 3095 999 3161 dubii
1029 3096 1181 3164 licereent
1214 3101 1323 3164 ulrum
1347 3107 1545 3166 MAAICTA
1579 3120 1621 3164 un

429 3188 638 3299 MAAICTK
649 3207 681 3272 id
704 3215 753 3274 est
780 3206 893 3286 μείνατ’
914 3205 954 3272 ἀν
974 3207 1131 3292 scriptum
1155 3211 1198 3275 sit
1230 3209 1263 3275 in
1295 3209 1429 3287 Codice,
1457 3232 1552 3298 quem
1576 3220 1622 3277 te·

431 3321 531 3379 neunt
553 3311 711 3380 menibus.
758 3313 932 3379 Lenissima
958 3311 998 3378 de
1021 3329 1117 3378 causa
1137 3312 1178 3380 ίνε
1200 3315 1306 3401 perit,
1341 3315 1408 3382 sive
1431 3316 1509 3403 quid
1528 3337 1619 3404 prae·

431 3417 517 3484 cedit
545 3418 613 3484 eive
643 3419 792 3504 sequitur
813 3418 899 3504 quod
925 3435 990 3483 non
1024 3403 1163 3486 multum
1185 3421 1361 3508 discrepet,
1382 3424 1539 3510 porticula
1565 3423 1619 3489 ab·

429 3523 588 3591 sorbetur.
637 3525 673 3590 ln
697 3523 862 3590 Pboedone
893 3543 926 3611 p.
948 3527 991 3590 et
1014 3543 1044 3590 ο.
1070 3523 1313 3593 nemo'nllendit
1338 3529 1372 3593 in
1396 3528 1461 3595 bis:
1489 3531 1514 3595 εί
1534 3529 1566 3595 δέ
1586 3553 1617 3594 σι

429 3630 636 3712 περὶτούτων
666 3633 827 3713 ἀπορείπον
854 3629 1068 3710 pilariisque
1098 3631 1151 3698 καί
1181 3632 1268 3698 αὐτοὶ
1298 3635 1395 3700 εἰπεῖν
1423 3633 1452 3699 εί
1479 3659 1522 3719 πρ
1546 3635 1621 3713 ὑμῖν

427 3735 581 3819 φαίνεται
597 3737 725 3816 βένισιον
743 3737 916 3817 neptem,
939 3753 1053 3804 omnes
1072 3747 1160 3804 recte
1183 3739 1229 3804 ite
1257 3739 1420 3826 accipiunt
1439 3759 1478 3806 cc
1497 3739 1525 3804 si
1540 3739 1618 3818 βίοι-

429 3863 494 3907 πιον
509 3840 554 3907 ἀν
575 3844 726 3924 λεχθῆναι
749 3850 833 3908 esset
853 3843 1030 3930 scriptum,
1054 3842 1109 3908 ned
1130 3851 1168 3908 ut
1187 3843 1247 3910 boc
1270 3844 1470 3931 intelligatur
1489 3863 1620 3911 necesse

428 3955 477 4011 est
502 3955 538 4012 ut
566 3949 611 4014 ila
635 3948 806 4014 scribatur.
859 3947 953 4034 Apud
978 3947 1176 4014 Tduermnmr
1196 3947 1248 4014 VI.
1274 3953 1327 4015 bl.
1352 3949 1516 4032 νομίζοννῆ
1540 3952 1618 4016 ἀπο-

427 4051 552 4132 τρέψειν
578 4053 595 4130 ’l
619 4050 774 4134 μάλισα
795 4051 890 4127 odron
911 4055 1068 4136 ἀσφαλῶς
1089 4055 1261 4120 ἐκπλεῦσαι
1285 4063 1362 4121 sunt
1380 4056 1436 4142 qui
1454 4053 1567 4135 μείνατ’
1579 4052 1619 4120 ἀν

428 4157 618 4242 requirent,
649 4158 968 4246 qulbus'assentior,
992 4155 1046 4223 alii
1075 4167 1194 4244 negant
1216 4177 1296 4246 opus
1324 4181 1403 4229 esse.
1452 4160 1542 4228 Scire
1565 4175 1617 4226 re-

429 4261 487 4327 lim
506 4279 548 4328 en
572 4258 669 4331 iidem
695 4268 728 4330 in
747 4265 857 4333 eodem
877 4283 946 4350 cop.
976 4264 1010 4328 in
1033 4263 1139 4328 verbis
1159 4267 1197 4338 ὡς
1222 4265 1239 4343 ἢ
1264 4266 1547 4350 ααπαορεψομένοισ
1566 4267 1620 4348 ἐφ’

427 4364 451 4434 ἀ
475 4367 619 4448 intrari
641 4372 723 4438 οὐδὲν
747 4370 785 4436 ἀν
798 4376 979 4452 σφαλεῖσαν
1002 4367 1150 4450 μεμάλιρν
1167 4365 1297 4451 δύναμιν
1319 4389 1421 4458 'aequo
1445 4373 1552 4439 animo
1574 4371 1621 4437 le·

429 4476 496 4542 turi
520 4476 619 4554 sint,
651 4475 679 4541 si
712 4476 750 4542 ἀν
785 4482 1015 4542 removeretur.
1063 4471 1155 4562 Piget
1178 4477 1261 4557 sere,
1291 4497 1391 4564 quum
1416 4478 1470 4544 isti
1495 4497 1622 4544 errores

431 4581 729 4667 praestantissimos
761 4588 906 4647 veterum
940 4581 1142 4661 deforment,
1180 4583 1212 4648 in
1247 4582 1380 4650 Lucrino
1410 4605 1463 4650 eos
1490 4583 1622 4659 tollere,

430 4685 485 4752 sed
509 4684 667 4780 defungor
691 4706 754 4779 uno
774 4687 863 4766 loco,
888 4687 972 4756 unde
991 4689 1156 4776 digressus
1180 4708 1251 4755 sum
1279 4695 1338 4770 70,
1363 4696 1416 4757 51.
1444 4689 1499 4757 ubi
1523 4707 1619 4756 nemo
