3767 5717
968 614 1035 677 236

410 811 537 902 ineptus
557 808 692 898 scriptor
713 806 895 888 Euserium
915 810 972 899 qui
991 806 1171 897 saepissime
1190 807 1233 873 ita
1249 807 1346 887 solet,
1366 807 1438 874 ride
1457 811 1590 876 omnino

414 916 588 984 Vsnusruu
606 924 638 979 et
660 912 949 979 Huusruunusruu
966 913 1002 978 11.
1022 911 1073 990 lt,
1094 912 1179 977 unde
1199 912 1342 1003 pendent
1360 916 1487 981 caeteri.
1521 916 1590 981 Ad·

412 1023 487 1087 dam
502 1021 581 1085 duos
593 1019 694 1097 iocos,
707 1042 842 1108 quorum
856 1020 992 1085 alterum
1004 1017 1140 1083 editores
1151 1018 1454 1107 pessumdederunt,
1466 1021 1589 1087 librarii

417 1130 563 1195 alterum.
599 1125 637 1191 In
654 1126 872 1193 binunruonts
892 1127 1071 1215 fragmento
1087 1125 1174 1215 apud
1188 1124 1359 1191 leserunt!
1373 1132 1410 1191 in
1429 1124 1592 1216 Apionem

340 1276 343 1283 ι
413 1234 437 1300 Ι.
459 1239 514 1300 26.
536 1232 658 1299 editur:
684 1235 710 1297 oi
733 1234 763 1298 δὲ
786 1242 965 1311 Σολυμῑται
990 1231 1194 1301 κατελθόντες
1218 1232 1273 1295 σὺν
1297 1240 1361 1301 τοῖς
1383 1241 1506 1312 μιαροῖς
1531 1236 1591 1296 τῶν

415 1339 600 1417 Αἰγυπτίων
626 1335 719 1407 οὕτως
746 1338 873 1408 οὶνοσθως
900 1344 964 1407 τοῖς
991 1335 1155 1413 ἀνθρώποις
1180 1335 1433 1415 προσηνέχθησαν
1455 1334 1515 1404 diss
1537 1337 1594 1411 την

413 1452 472 1509 τῶν
509 1442 729 1524 προειρημένων
761 1441 908 1522 αροθτησιν
944 1439 1129 1521 χειρέςην
1159 1439 1417 1520 φαίνεσθαιτοῖς
1445 1439 1518 1505 τότε
1545 1440 1590 1505 roi

413 1549 528 1613 σοθτιον
559 1547 759 1625 αἶσεβήματα
785 1546 954 1624 θεωμένοις.
1005 1543 1151 1609 Absurde
1171 1544 1328 1633 scriptura
1346 1544 1485 1625 χειρθςην
1511 1545 1594 1623 φοί·

413 1642 527 1719 νεσθαι
549 1652 797 1715 Hsvsuunurlo
826 1650 979 1728 debetur,
1014 1650 1071 1739 qui
1101 1650 1188 1739 quod
1221 1650 1254 1713 in
1283 1649 1372 1714 libris
1402 1662 1449 1715 est
1473 1651 1589 1730 χρυσὸν

414 1758 583 1840 φαίνεσθαι
610 1757 644 1821 in
669 1756 756 1821 hune
778 1757 910 1823 modum
930 1756 1076 1822 correxit.
1111 1754 1293 1821 Correotor!
1313 1778 1439 1844 prorsus
1462 1767 1592 1821 contra-

414 1863 497 1927 rium
526 1862 644 1927 inserit
675 1886 771 1952 quam
805 1862 891 1952 quod
921 1861 1214 1951 scriptordederat
1243 1874 1275 1926 et
1302 1864 1520 1951 incorruptum
1545 1862 1612 1926 ad'

414 1991 473 2033 nos
503 1980 701 2057 pervenerat.
759 1968 878 2034 Contra
908 1981 956 2034 est
985 1969 1019 2031 iu
1050 1968 1207 2033 Dronrsru
1240 1969 1426 2035 iistrcnnrt.
1457 1968 1511 2033 lX.
1544 1972 1591 2035 25

416 2075 494 2161 (τοῖς
534 2072 678 2160 ὑποθτοις)
718 2074 730 2137 ὃ
770 2076 841 2155 πρὸς
876 2076 947 2146 τοὺς
981 2075 1152 2153 Τυρρηνοὺς
1184 2074 1321 2153 πθλεμος
1357 2075 1458 2140 καίτοι
1483 2074 1591 2154 μέγας

414 2180 467 2243 καὶ
492 2180 638 2258 χαλεπὸς
661 2178 698 2243 ὢν
719 2180 858 2257 χρηςδς
881 2176 1029 2259 ἐφαίνετο
1049 2179 1137 2259 παροδ
1159 2181 1211 2243 τὸν
1228 2181 1312 2252 ἐντὸς
1335 2180 1461 2260 τείχους
1480 2181 1591 2258 ἐξετα-

413 2282 557 2364 ζόμενος,
584 2282 643 2346 ubi
663 2283 777 2362 χρυσὸς
803 2282 953 2364 ἐφαίνετο
973 2282 1209 2349 emendandum
1229 2308 1297 2350 esse
1316 2308 1411 2351 nemo
1431 2287 1592 2375 ambiget,

414 2388 470 2476 qui
502 2388 552 2452 vel
584 2388 754 2454 Vsrnsrorr
783 2388 953 2477 inspexerit
988 2389 1037 2458 rel
1069 2390 1366 2457 Hrusrsarrusrou.
1400 2400 1536 2475 Χρνοοῦς
1559 2405 1592 2459 et

416 2494 532 2575 χρηςθς
558 2495 589 2559 in
616 2496 708 2559 codd.
734 2494 876 2560 Lucmur
900 2496 1032 2560 confusa
1057 2508 1130 2561 sunt
1158 2501 1217 2574 19,
1245 2500 1272 2561 1.

460 2600 499 2665 ln
526 2598 678 2666 Obarene
692 2604 751 2679 12,
766 2604 815 2666 11.
837 2602 933 2675 δεινήν
954 2625 1026 2664 τινα
1040 2601 1147 2679 λέγεις
1169 2608 1228 2666 τῶν
1244 2603 1406 2683 ἀνθρώπων
1419 2606 1476 2677 την
1490 2604 1593 2681 οὶβελό

415 2702 519 2783 τερθαν
544 2702 570 2772 οἳ
590 2712 733 2771 τοσοῦτον
752 2704 850 2787 έρωτα
878 2707 998 2786 ἐρῶσιν,
1029 2705 1099 2793 iege
1119 2709 1144 2770 εθ
1160 2711 1303 2770 τοσοῦτον
1323 2706 1401 2792 ei.§
1426 2711 1478 2773 12.
1496 2720 1528 2773 et
1546 2710 1592 2774 sie

415 2808 527 2874 solent.
554 2810 588 2875 in
609 2817 625 2899 §
650 2814 699 2875 19.
718 2808 932 2903 respersam
955 2809 988 2872 in
1009 2809 1215 2890 διερροέγησαν
1237 2810 1489 2891 emendandum,
1515 2813 1591 2880 bul·
1623 2856 1634 2873 .

415 2915 464 2979 lae
491 2938 557 2979 non
587 2923 762 3006 erumpunt
782 2913 835 2979 sed
857 2914 1134 3005 disrumpuntur:
1152 2926 1223 2979 tum
1241 2916 1348 2981 statim
1367 2916 1439 3007 iege
1459 2923 1539 2983 ποῖσι
1564 2921 1590 2984 δ’

415 3015 464 3084 οὖν
488 3022 692 3102 διαρραγῆναι
719 3022 894 3097 οξναγααῖον
921 3042 981 3108 pro
1004 3007 1231 3099 ἀπορραγῆναι.
1262 3044 1302 3085 ne
1324 3021 1450 3087 dubites
1469 3023 1591 3113 inspice

415 3130 432 3210 ς)
451 3127 501 3187 21.
523 3124 557 3200 ἢν
584 3124 637 3187 καὶ
661 3124 698 3186 σὺ
721 3124 880 3202 κεκραγὼς
906 3124 1095 3206 διαρραγῇς,
1117 3124 1173 3188 ubi
1199 3129 1406 3218 perantiquus
1426 3127 1534 3193 Codex
1554 3129 1592 3196 B.
1664 3190 1668 3195 ,

413 3228 606 3305 οὶναρραγῆις
637 3239 757 3304 serrat,
792 3227 878 3316 quod
901 3228 1076 3293 absurdum
1098 3243 1155 3295 est.
1204 3231 1305 3316 Quam
1327 3236 1421 3300 iaeiie
1442 3248 1474 3301 et
1492 3258 1591 3326 quam

410 3350 507 3419 saepe
531 3332 556 3395 δι
578 3344 609 3397 et
630 3333 665 3409 ἐξ
683 3345 737 3396 aut
758 3345 982 3422 permutentur
1000 3346 1055 3399 aut
1075 3336 1158 3401 maie
1178 3339 1373 3428 copulentur
1391 3363 1485 3431 supra
1506 3340 1590 3405 indi·
1651 3388 1655 3391 -

415 3436 574 3501 canimus:
610 3461 705 3527 quern
732 3462 830 3503 usum,
856 3438 950 3505 huius
980 3440 1025 3505 rei
1052 3442 1231 3509 observatio
1251 3447 1283 3510 in
1306 3448 1456 3513 Luclsrto
1474 3446 1591 3512 habeat

414 3564 502 3607 nuno
527 3544 637 3633 paucis
664 3543 828 3609 ostendam
877 3544 1129 3612 contunduntur
1163 3553 1222 3628 13,
1255 3556 1305 3617 14.
1330 3554 1536 3632 διηγουμένων
1558 3566 1591 3618 et

415 3648 645 3725 ἐξηγουμένων,
672 3662 707 3713 ut
733 3654 797 3728 32,
822 3653 875 3715 40.
900 3652 913 3714 ὁ
938 3654 1033 3733 μηρὸς
1058 3656 1153 3719 αὐτοῦ
1176 3662 1311 3737 χρυσοῦς
1332 3658 1472 3739 ἐξεφοθνη
1492 3670 1539 3723 est
1557 3659 1591 3724 iu

415 3750 489 3833 BG,
514 3753 645 3835 διεφοθνη
676 3756 710 3821 in
739 3757 886 3821 caeteris:
917 3756 999 3821 illud
1026 3758 1181 3838 editores,
1211 3761 1274 3827 boo
1296 3787 1355 3852 ego
1376 3764 1593 3853 praetulerim.
1671 3826 1676 3833 .

353 3883 355 3887 ¹
414 3858 491 3922 ibid.
516 3862 533 3941 ᾗ
552 3863 604 3923 61.
625 3861 874 3942 διεξελέγχουσα
895 3863 928 3927 in
948 3865 1081 3929 caeteris
1097 3877 1163 3945 est,
1181 3865 1218 3931 in'
1235 3891 1300 3933 uno
1316 3870 1351 3933 B.
1369 3871 1591 3951 διελέγχουσα.

416 3976 555 4053 praestat
590 3964 721 4038 fortasse
754 3967 986 4049 ἐξελέγχουσα.
1017 3970 1132 4037 deinde
1162 3978 1234 4053 56,·
1258 3980 1288 4041 6.
1316 3977 1502 4047 πιτεύοντας
1528 3984 1592 4048 τοῖς

416 4069 489 4147 πρὸς
520 4070 554 4132 τὸ
579 4073 683 4154 μεῖζον
705 4071 806 4143 έκαςα
829 4074 1046 4155 ἐξηγουμένοις
1066 4079 1188 4168 corrige
1207 4082 1427 4160 διηγουμένοις.
1477 4081 1515 4146 ln
1535 4086 1593 4161 59,

417 4178 469 4239 23.
490 4196 549 4261 pro
570 4175 709 4257 ἐξέρρηξε
729 4179 864 4268 pessime
884 4192 931 4246 est
952 4182 986 4245 in
1005 4205 1071 4247 uno
1090 4184 1173 4250 libro
1194 4186 1346 4267 διέρρηξε,
1364 4200 1434 4252 tum
1454 4191 1515 4267 73,
1537 4190 1591 4254 22.

416 4276 541 4343 >ridebis
570 4282 706 4370 optimos
736 4284 834 4351 libros
862 4286 1028 4352 dissentire
1060 4288 1094 4353 in
1124 4290 1292 4365 διελθόντος
1319 4304 1352 4357 et
1375 4292 1592 4370 διεξελθθντος.

411 4384 563 4474 -Iienique
596 4388 628 4453 in
660 4390 765 4456 Veris
793 4392 964 4457 Historiis
993 4398 1051 4470 26,
1084 4399 1134 4460 15.
1163 4417 1222 4484 pro
1248 4396 1421 4478 προσέταξε
1445 4397 1592 4476 διυφῆναι

413 4490 540 4578 oorrige
573 4492 762 4571 προσέταξεν
789 4494 953 4577 έξυφθναι.
1001 4497 1076 4581 1n§
1099 4504 1152 4566 21.
1173 4500 1324 4567 dieantur
1343 4500 1437 4593 pauei
1458 4500 1593 4590 quidam

417 4594 574 4683 sapientes
594 4598 902 4674 οθποσποθσοιντες
923 4608 986 4677 τῶν,
1004 4608 1128 4671 πολλῶν
1150 4611 1339 4688 καταγελᾶν
1360 4612 1420 4673 τῶν
1440 4606 1592 4687 γιγνομέ-

418 4724 492 4799 νων,
518 4702 652 4770 emenda
676 4702 865 4779 οθποςοθνπες.
