3767 5717
848 620 886 679 11

269 810 308 859 ex
339 791 466 858 Sromm
488 791 579 859 libris
612 790 784 879 descripsit
810 798 842 856 et
873 808 948 859 euru
983 789 1178 877 scriptorum
1212 788 1458 859 Gbristicnorum

268 897 347 964 locis
360 900 550 984 composuit.
576 898 698 964 Nactus
718 894 846 962 Sannum
868 894 1006 982 Fctopoa
1030 894 1133 961 multo
1157 895 1349 981 integriores
1361 914 1458 984 quam

268 1002 309 1069 ad
333 1024 390 1069 nos
424 1012 639 1089 pervenerunt
667 1001 845 1090 permultos
868 1002 954 1067 locos
973 1009 1118 1067 veterum
1142 1002 1288 1087 egregios
1315 1002 1355 1068 ab
1378 1004 1460 1070 inte·

266 1109 335 1175 ritu
363 1108 450 1175 solus
473 1111 623 1175 servarit.
672 1109 771 1175 Cuius
803 1108 850 1172 rei
876 1127 978 1193 quum
1005 1106 1162 1172 indicium
1199 1106 1325 1173 lecisset
1352 1109 1460 1175 Banor-

266 1234 350 1292 nms,
384 1215 580 1281 Runnnnnrus
614 1212 696 1279 nibil
730 1210 844 1278 habuit
875 1215 1041 1301 antiquius
1069 1230 1166 1299 quam
1201 1220 1236 1278 ut
1268 1213 1329 1279 sibi
1361 1214 1460 1281 huius

267 1318 388 1385 codicis
415 1320 634 1406 apographum
659 1326 871 1406 compararet.
918 1319 995 1405 Agit
1025 1338 1100 1384 cum
1122 1318 1285 1394 Bmmmo;
1308 1320 1337 1385 is
1364 1334 1458 1405 nego·

268 1425 353 1489 tium
377 1424 465 1490 dedit
489 1424 600 1490 Snnrro
620 1431 657 1490 ut
677 1424 836 1511 quidquid
856 1423 890 1488 iu
911 1443 948 1490 eo
969 1422 1052 1488 libro
1075 1422 1240 1489 videretur
1265 1444 1304 1490 ex
1326 1423 1461 1491 Srooruo

268 1536 415 1594 sumtum
442 1529 614 1616 diligenter
637 1529 855 1604 describeret,
879 1528 1081 1617 descriptum
1112 1526 1152 1593 ad
1171 1527 1373 1597 Ruunnaruuu
1391 1548 1461 1617 per·

266 1632 435 1701 ferendum
460 1642 599 1702 curaret.
660 1634 712 1701 Sic
745 1634 926 1702 confectum
952 1643 1000 1701 est
1024 1632 1244 1719 apographum
1276 1634 1355 1701 illud
1387 1634 1462 1701 Sur·

269 1739 407 1819 tionem,
434 1740 521 1808 unde
541 1759 639 1808 novas
662 1741 721 1807 bas
742 1740 896 1828 reliquias
914 1742 964 1807 bis
991 1740 1177 1807 Girsronnus
1199 1738 1320 1818 edidit,
1345 1758 1460 1828 nuper-

268 1845 352 1913 rime
384 1866 424 1913 ex
444 1848 513 1933 ipso
534 1847 737 1935 apographo,
766 1847 851 1933 quod
873 1848 902 1913 ei
926 1847 1057 1914 Gerenos
1088 1843 1237 1910 iuvandis
1269 1844 1319 1911 bis
1342 1844 1461 1913 litteris

268 1958 365 2016 uatus
393 1954 554 2038 peramica
585 1954 728 2018 miserat.
786 1952 877 2018 Fecit
903 1952 1094 2018 Gnisronous
1122 1951 1401 2038 operaepretium
1429 1961 1462 2019 et

269 2055 410 2143 plurima
443 2058 606 2137 restituit,
641 2077 740 2145 quae·
760 2057 795 2122 iu
819 2058 927 2144 priore
954 2056 1094 2123 editione
1128 2075 1218 2120 »cnm
1249 2056 1363 2123 omisso
1395 2066 1461 2125 tum

269 2162 455 2227 commisso’'
479 2161 679 2229 cumdolore
701 2162 793 2228 vidit.
840 2160 1011 2249 Complura
1040 2162 1103 2229 alia
1123 2162 1150 2227 is
1179 2160 1265 2227 solus
1287 2164 1459 2243 restituet,

267 2267 323 2352 qui
340 2267 419 2333 bene
443 2270 558 2335 Graece
576 2270 682 2335 sciens
703 2276 735 2335 et
755 2268 903 2334 codicum
927 2267 1195 2335 excutiendorum
1217 2266 1341 2353 peritus
1353 2270 1460 2355 ipsum

269 2371 486 2439 Florentinum
518 2374 678 2441 codicem.
696 2394 754 2461 per
785 2375 889 2440 otium
918 2374 1080 2440 tractabit.
1140 2372 1298 2459 Equidem
1335 2376 1461 2441 versavi

269 2477 346 2543 olim
366 2478 508 2558 librum,
528 2478 689 2567 scriptura
711 2481 802 2546 tenui
825 2488 856 2546 et
891 2480 1094 2546 intricatione
1122 2485 1291 2545 exaratum
1323 2478 1379 2545 sed
1397 2498 1460 2546 non

269 2580 443 2666 inelegauti
470 2602 574 2670 neque
598 2582 744 2660 difficili,
778 2586 806 2651 si
838 2586 911 2671 quis
937 2584 998 2650 boc
1023 2584 1090 2669 agit
1126 2593 1157 2652 et
1186 2585 1289 2651 aciem
1321 2584 1462 2653 intendit

269 2686 437 2752 oculorum
468 2696 501 2753 et
529 2690 662 2765 meatim
697 2688 754 2754 sed
784 2689 870 2755 unde
895 2688 969 2775 quis
999 2689 1179 2753 Florentiae
1208 2689 1269 2753 sibi
1297 2688 1460 2756 Gnisronm

267 2792 428 2859 Sroatuuu
452 2793 638 2881 comparet?
673 2792 777 2860 πάλαι
801 2796 871 2860 ποτ’
896 2792 974 2871 ἦσαν
995 2790 1123 2873 ἄλκιμοι
1145 2794 1315 2871 Μιλήσιοι,
1336 2792 1459 2881 Appen·

268 2898 369 2965 dicem
388 2898 604 2965 Florentinum
627 2899 732 2965 ubivis
763 2898 891 2965 facilius
914 2914 1012 2984 quam
1038 2897 1123 2985 apud
1147 2898 1344 2965 Florentiam
1370 2918 1458 2988 repe-

268 3004 360 3070 reris.
420 3004 533 3091 Itaque
568 3005 711 3083 invitus,
742 3013 912 3091 postquam
945 3000 1165 3091 compluscula
1198 3024 1262 3070 non
1296 3004 1458 3073 incuriose

266 3109 460 3196 perlustravi
494 3118 525 3177 et
545 3112 653 3176 notari
677 3110 886 3197 diligentius,
915 3107 1034 3175 librum
1065 3109 1104 3176 de
1130 3108 1280 3177 manibus
1315 3109 1457 3198 deposui.

269 3215 397 3282 Samius
420 3215 692 3301 quemadmodum
725 3214 926 3283 describendi
949 3216 1076 3302 negotio
1098 3214 1230 3283 iunctus
1252 3214 1351 3282 luerit
1378 3216 1459 3303 quid

267 3323 383 3388 attinet
405 3320 537 3387 dicere?
573 3320 663 3388 Fecit
691 3321 786 3388 homo
807 3322 909 3389 bonus
928 3330 961 3388 et
988 3320 1119 3388 sedulus
1140 3321 1225 3409 quod
1242 3322 1377 3410 potuit,
1401 3322 1458 3389 sed

267 3446 371 3513 neque
399 3427 513 3493 Grucce
535 3428 640 3493 sciens
671 3444 775 3514 neque
796 3428 828 3493 in
850 3427 1016 3494 codicibus
1035 3428 1202 3493 versandis
1227 3436 1259 3495 et
1284 3427 1457 3516 expedien-

268 3532 317 3599 dis
341 3534 538 3599 exercilatus
567 3532 750 3599 istiusmodi
776 3535 960 3621 prouinciae
983 3541 1053 3600 erat
1077 3535 1182 3621 impar
1210 3541 1241 3601 et
1264 3532 1382 3599 multos
1405 3552 1457 3600 er·

264 3658 354 3703 rores
378 3638 558 3715 commisit,
583 3655 663 3723 quos
689 3638 808 3724 partim
830 3640 945 3705 critica
973 3658 1026 3704 ars
1054 3638 1156 3717 tollet,
1186 3638 1264 3705 alios
1284 3638 1383 3705 codex
1408 3640 1455 3705 iu·

266 3739 396 3828 spectus
419 3741 590 3828 aliquando
615 3751 739 3827 arguet.
787 3743 836 3807 Ex
861 3742 915 3807 illo
935 3761 1053 3829 genere
1082 3760 1168 3808 nerim
1194 3744 1262 3830 ipse
1286 3742 1456 3810 nonnullos

264 3844 467 3931 abstergebo,
496 3846 551 3911 ubi
580 3846 722 3934 primum
755 3846 875 3914 iontem
899 3847 1072 3936 quemdam
1105 3866 1260 3935 aperuero
1288 3866 1454 3928 errorum,

145 3988 146 3997 2
261 3951 381 4039 quibus
409 3951 490 4018 liber
518 3957 605 4018 totus
630 3960 679 4019 est
702 3954 835 4021 obsitus.
883 3954 919 4019 ln
945 3972 1183 4041 quemcumque
1206 3952 1312 4019 locum
1335 3953 1455 4022 codicis

264 4058 406 4146 primum
428 4058 601 4137 incideris,
626 4057 747 4125 ridebis
772 4060 892 4147 passim
915 4060 1034 4127 litteris
1056 4057 1231 4125 rubricatis
1251 4058 1453 4126 distinctum.

262 4164 331 4231 Non
351 4171 498 4241 tantum,
527 4164 612 4250 quod
643 4166 775 4244 assolet,
809 4166 881 4231 nori
917 4166 1102 4252 argumenti
1127 4174 1183 4231 aut
1210 4164 1272 4231 loci
1299 4172 1354 4231 aut
1384 4184 1454 4233 sen-

253 4271 383 4338 tentiae
404 4270 535 4335 initium
557 4270 687 4336 rubrica
707 4261 862 4351 notatur,
886 4271 942 4338 sed
965 4270 1141 4338 identidem
1161 4272 1195 4336 in
1220 4270 1325 4337 medio
1357 4286 1453 4337 versu

265 4384 397 4465 apparet
419 4375 527 4442 littera
548 4375 705 4453 discolor,
725 4385 762 4443 ut
785 4375 896 4443 credas
924 4397 995 4444 eam
1019 4398 1088 4444 rem
1113 4385 1170 4443 aut
1191 4379 1252 4443 ioci
1278 4394 1374 4443 causa
1397 4383 1454 4443 aut

264 4482 347 4550 lorte
366 4484 548 4549 ornamenti
571 4482 702 4547 librario
724 4481 891 4569 placuisse.
923 4482 1008 4549 ·Non
1034 4491 1141 4549 movet
1164 4502 1201 4549 ca
1219 4501 1271 4548 res
1302 4500 1453 4567 magnam

265 4589 511 4657 admirationem
539 4608 598 4656 nec
621 4587 760 4655 multum
791 4587 975 4657 laboramus
999 4610 1058 4656 cnr
1087 4588 1118 4655 id
1151 4590 1190 4657 iis
1224 4586 1331 4655 studio
1357 4584 1455 4655 luerit
