3767 5717
955 590 1020 654 342

401 784 493 867 πρόςι
518 780 606 862 πωρό
621 803 699 852 τινος
720 780 757 845 in
777 782 895 850 talibus
915 781 1186 872 reprehensiones
1205 783 1316 864 habet,
1337 785 1389 854 sed
1409 788 1474 854 οὶπό
1494 813 1577 863 τινος

401 912 529 982 prorsus
556 898 645 952 esta
677 885 864 954 Graecitatis
892 888 1021 977 ingenio
1050 889 1202 956 alienum.
1255 892 1461 958 Praemittam
1489 894 1580 961 locos

401 997 603 1083 incorruptos
627 1003 662 1058 ut
680 993 781 1082 aegris
801 993 918 1060 deinde
934 1017 1027 1085 opem
1050 995 1160 1063 leram.
1192 997 1378 1064 Rectissime
1394 999 1578 1067 Xnuornorr

402 1101 585 1166 Memorab.
604 1097 720 1171 lll.1r.
738 1104 763 1164 1.
787 1100 961 1179 τροιόμοιποι
983 1101 1040 1166 ὑπὸ
1060 1107 1118 1166 τῶν
1137 1103 1293 1180 πολεμίων
1313 1108 1457 1169 τοσοῦτοι
1477 1103 1576 1186 ἔχων,

402 1217 435 1272 ct
465 1204 583 1269 Lusus
611 1202 753 1284 xxxii,
783 1211 811 1270 l.
844 1203 976 1270 ἔλωτσον
1014 1207 1071 1272 ὑπό
1111 1212 1169 1272 τῶν
1198 1207 1408 1288 προσηκόντων
1438 1209 1578 1289 ἔχοντες.

403 1310 621 1376 Tnttcrmuts
644 1307 680 1373 V.
702 1312 754 1375 50.
778 1309 886 1388 Λόχως
912 1309 970 1376 ὑπό
995 1315 1055 1376 τῶν
1084 1312 1268 1392 ῥωβδοόχων
1290 1314 1421 1390 πληγὰς
1445 1313 1575 1393 ἔλωβεν.

402 1414 586 1483 quorflou
613 1413 655 1478 de
674 1437 745 1505 rep.
766 1413 888 1481 Laced
916 1412 972 1482 Vl.
992 1418 1022 1480 2.
1052 1416 1087 1491 ἢν
1109 1416 1140 1480 δέ
1165 1439 1213 1487 τις
1239 1426 1317 1489 eruic
1344 1419 1420 1483 ποτὲ
1446 1419 1577 1498 πληηόις

401 1520 512 1599 λωβων
532 1521 585 1583 ὑπ’
608 1519 708 1584 ἄλλον
734 1519 870 1601 κωσεόπη
895 1520 968 1600 πρὸς
992 1519 1046 1584 τὸν
1073 1519 1196 1600 πωτέρω
1225 1521 1355 1603 αἰσχρόν
1381 1524 1427 1590 ε’ςι
1451 1525 1496 1602 μη
1522 1527 1577 1590 οὐκ

402 1624 508 1698 ἄλλως
535 1625 692 1712 [πληγὰς]
720 1625 900 1704 ε’μβοόλλειν
926 1628 968 1708 τῷ
993 1627 1064 1691 υἱεῖ.
1114 1625 1368 1716 Expungendnm
1399 1651 1466 1694 esse
1495 1630 1578 1696 alte-

403 1752 475 1795 rum
505 1729 636 1808 πληγάς
669 1731 834 1820 apparebit
864 1732 1064 1822 comparanti
1087 1731 1258 1798 Instituta
1279 1733 1463 1812 Luconeca,
1494 1759 1577 1826 quae

403 1835 602 1901 Pnurrncul
620 1837 933 1924 nomineferuntur,
951 1863 984 1928 p.
1006 1841 1071 1903 237
1094 1856 1125 1903 n.
1145 1850 1176 1902 ct
1198 1837 1343 1906 indidem
1363 1840 1581 1907 Xnuot’nortrr

403 1939 502 2006 redde
522 1941 554 2004 iu
576 1963 664 2030 seqq.
686 1942 861 2010 πιςεόουσιν
884 1945 1037 2018 ἀλληλοις
1056 1966 1115 2033 pro
1133 1944 1304 2018 ἀλλήλους.
1354 1944 1473 2010 lterum
1490 1958 1577 2013 recte

404 2047 586 2114 Xtrrtornon
602 2046 683 2112 ibid.
699 2045 753 2112 lx.
776 2053 806 2112 5.
829 2049 960 2128 πληνόις
983 2051 1119 2114 dalreis
1142 2049 1307 2127 ἀμεινόνων
1329 2053 1476 2126 ληπτέον.
1510 2052 1579 2118 Dn-

404 2172 594 2220 ttostfltrtns
621 2179 653 2245 p.
681 2151 781 2231 1261,
804 2157 834 2218 2.
866 2154 901 2231 ἐξ
928 2149 966 2220 ὧν
997 2155 1055 2218 ὑπὸ
1080 2153 1195 2220 τούτων
1225 2152 1341 2247 ἔλωβον
1364 2161 1513 2233 πληγῶν,
1546 2169 1578 2222 et

404 2258 461 2323 alii
483 2271 613 2325 veteres.
645 2256 817 2348 Sequiores
835 2257 998 2338 interdum
1019 2257 1081 2324 hoc
1101 2258 1280 2337 imitantur,
1300 2271 1336 2323 ut
1356 2258 1577 2328 Puursncuus

404 2364 438 2428 iu
471 2363 689 2430 demosthene
716 2365 1041 2454 οιιρ.11.οὶνόριόπου
1067 2363 1227 2442 διεξιόντος
1253 2365 1292 2439 ὥς,
1319 2364 1378 2429 ὑπό
1399 2388 1453 2429 του
1483 2366 1578 2455 λοόβοιΙ

405 2469 556 2549 πληγόρ,
578 2481 611 2535 et
632 2469 746 2536 eodem
766 2471 835 2536 iure
855 2470 889 2536 iu
913 2470 1066 2559 Lycurgo
1093 2468 1172 2534 dixit
1193 2489 1262 2558 cap.
1286 2470 1335 2534 18.
1359 2469 1473 2548 δῆνμω
1493 2485 1580 2549 λοιμ-

403 2573 510 2651 βόνων
537 2575 595 2639 ὑπό
620 2579 674 2640 τοῦ
700 2573 808 2656 εόρενος
832 2576 950 2647 εἷρπον
974 2575 1140 2655 οὶντόχειροι
1158 2597 1217 2663 pro
1239 2572 1434 2652 δακνόμενος.
1475 2575 1581 2642 Mani·

406 2679 524 2747 festum
543 2702 631 2746 nuuc
651 2681 711 2746 erit
732 2682 843 2746 vitium
861 2681 894 2745 in
917 2680 1078 2746 Pnarortrs
1097 2681 1263 2770 Apologia
1282 2703 1310 2768 p.
1328 2682 1370 2744 25
1386 2697 1415 2744 ιι.
1438 2678 1492 2746 ε’σόν
1508 2705 1581 2746 τινω

406 2787 560 2866 μοχθηρὸν
581 2789 696 2860 ποιήσω
716 2793 775 2852 τῶν
794 2787 942 2876 ξυνόντων
966 2787 1124 2852 κινδυνεύω
1142 2787 1237 2850 κωιιόν
1256 2785 1371 2862 λοιβεῑν
1389 2787 1449 2850 ἀπ’
1464 2789 1578 2861 edroi,

406 2902 439 2956 et
467 2890 548 2956 nihil
576 2890 693 2956 certius
722 2904 769 2956 est
797 2915 892 2982 quam
922 2895 975 2959 ὑπ’
1000 2895 1096 2957 edroi
1127 2891 1167 2956 ab
1192 2891 1261 2981 ipso
1286 2890 1384 2984 ,luisse
1406 2891 1587 2981 scriptume

406 3019 602 3087 quamquam
631 2996 693 3063 hoc
718 2999 873 3064 mendum
897 3022 963 3065 nou
990 2997 1164 3065 (lodicibus
1186 2997 1240 3062 sed
1267 2986 1451 3064 Editoribus
1470 2999 1581 3088 impu·

407 3102 542 3169 tandum
561 3114 621 3169 est:
648 3103 762 3192 optimi
780 3105 866 3168 enim
888 3103 962 3169 libri
983 3105 1037 3169 ὑπ’
1053 3106 1149 3168 edroi
1172 3115 1297 3168 servant
1318 3115 1349 3168 et
1370 3103 1499 3168 indocte
1518 3106 1578 3168 ἀπ’

406 3211 504 3274 edroi
534 3231 572 3274 ex
599 3209 812 3275 deterioribus
841 3221 888 3274 est
916 3221 1091 3300 receptum.
1139 3208 1309 3276 Lucrinus
1336 3221 1457 3288 autem,
1486 3209 1580 3276 cuius

324 3384 327 3388 Α
406 3335 502 3378 causa
530 3312 610 3379 haee
637 3312 842 3403 collegimus,
874 3316 905 3379 in
931 3338 968 3380 ea
995 3337 1029 3380 re
1051 3314 1231 3404 saepissime
1250 3315 1394 3405 peccarit
1413 3327 1444 3379 et
1463 3337 1579 3404 quam-

408 3442 506 3508 quam
533 3418 567 3482 iu
596 3417 765 3484 scribendo
796 3418 966 3510 dilige-nter
990 3420 1147 3486 rationem
1173 3419 1291 3488 habere
1317 3420 1418 3500 solet,
1445 3420 1495 3505 (ut
1512 3420 1581 3510 ipse

407 3525 486 3593 dixit
516 3527 575 3602 22,
608 3525 642 3608 2)
672 3524 828 3604 όνομοότων
858 3526 931 3606 πρός
960 3527 1012 3590 τόν
1038 3527 1173 3606 όρχωῖον
1193 3522 1317 3590 ἰιοινόνοι
1346 3525 1577 3604 συγκειμένων,

408 3644 516 3701 tamen
534 3629 651 3720 passim
669 3630 703 3694 in
725 3630 844 3695 talibus
864 3631 1082 3720 antiquiorum
1103 3629 1235 3719 vestigia
1254 3629 1439 3721 imprudens
1456 3629 1583 3696 deserit.

407 3738 583 3828 Insigniora
609 3736 691 3802 haec
711 3748 785 3802 suut
807 3741 842 3815 1,
867 3741 886 3802 2
909 3737 996 3818 ποιρόι
1019 3741 1077 3802 τῶν
1105 3736 1455 3814 antecessorumque
1478 3735 1582 3815 tatu-

407 3847 523 3924 βωνον,
546 3850 590 3922 6,.
610 3846 652 3907 22
673 3846 747 3924 παρ’
772 3845 848 3922 ἐμοῦ
870 3843 997 3920 πληγὴν
1023 3839 1199 3920 λωμβοόνων
1220 3841 1368 3930 (λοβόν).
1393 3845 1449 3919 10,
1470 3843 1528 3921 22,
1548 3845 1580 3906 3.

379 3943 385 3949 ’
407 3950 539 4027 πληνόος
565 3947 654 4028 πωρόι
678 3952 732 4012 τοῦ
756 3950 875 4012 Alexae
902 3933 1086 4027 προσλάβω.
1106 3944 1168 4024 ll,
1193 3948 1234 4010 52
1256 3945 1387 4023 πληγόις
1409 3950 1483 4026 πωρ’
1503 3949 1580 4024 ἐμοῦ

407 4055 528 4131 λοβόν.
551 4056 608 4132 70,
631 4055 672 4118 16
692 4051 822 4130 πληγόις
844 4051 931 4133 πωρόι
952 4055 1005 4146 rasi
1022 4049 1169 4115 πλουσίου
1184 4049 1399 4128 λωμβοινέτω,
1419 4063 1450 4116 et
1468 4049 1581 4117 eadem

408 4159 601 4250 negligentia
633 4163 692 4237 15,
725 4162 745 4221 6
774 4151 807 4224 ui
833 4157 987 4228 πεπονθὼς
1014 4157 1208 4238 πωρ’.ὑμῶν.
1243 4159 1304 4235 46,
1324 4158 1367 4220 20
1393 4155 1499 4230 πολλοὶ
1525 4155 1579 4220 sui

408 4265 493 4332 δεινόν
516 4265 603 4347 πωρόι
625 4269 684 4329 τῶν
708 4260 891 4354 φιλοσόφων
917 4260 1088 4346 όιιοόουσοι,
1112 4265 1176 4340 70,
1202 4265 1214 4326 l
1240 4261 1483 4343 κεκοιλλιὲρητωι
1506 4263 1581 4342 παρ’

295 4406 298 4411 ’
408 4374 505 4450 ἡμῶν.
540 4375 595 4448 16,
634 4373 673 4433 17
705 4370 850 4432 ἐπωλεῖτο
874 4365 961 4447 πωρόι
993 4371 1052 4430 τῶν
1078 4365 1192 4447 νόμων,
1231 4360 1299 4453 (alii
1318 4366 1393 4432 libri
1422 4366 1508 4432 κωτόο
1528 4367 1582 4431 τόν

408 4477 525 4567 νόμον.)
549 4479 608 4556 16,
624 4477 665 4540 21
688 4476 762 4554 παρ’
785 4472 887 4537 οὐσῶν
914 4473 1170 4552 γεωμετρουμένη
1193 4473 1261 4559 (alii
1281 4473 1387 4556 πρός),
1406 4486 1438 4542 et
1457 4474 1513 4551 15,
1538 4475 1580 4536 25

409 4583 602 4648 ἕπωινεῑσόωι
629 4581 703 4661 πρὸς
734 4578 794 4642 τῶν
820 4578 934 4642 deussit
967 4575 1034 4664 (alii
1060 4577 1177 4666 πυροὶ),
1199 4591 1231 4645 et
1250 4586 1286 4658 6,
1308 4583 1366 4658 26,
1393 4583 1408 4649 1
1432 4578 1501 4660 ἔχει
1528 4577 1580 4642 ἐπὶ

409 4691 462 4751 τοῦ
501 4686 661 4768 προσώπου
695 4684 739 4751 τόν
772 4683 845 4764 ἴχνη
883 4686 942 4746 τῶν
975 4681 1184 4763 πρωυμυότων,
1216 4683 1237 4749 ie
1273 4683 1374 4762 ἔλωβε
1403 4684 1490 4763 πωρόο
1521 4685 1582 4745 τῶν
