<?xml version="1.0" encoding="UTF-8"?>
<!DOCTYPE html PUBLIC "-//W3C//DTD XHTML 1.0 Transitional//EN"
    "http://www.w3.org/TR/xhtml1/DTD/xhtml1-transitional.dtd">
<html xmlns="http://www.w3.org/1999/xhtml" xml:lang="en" lang="en">
 <head>
  <title>
</title>
<meta http-equiv="Content-Type" content="text/html;charset=utf-8" />
  <meta name='ocr-system' content='tesseract 3.04.00' />
  <meta name='ocr-capabilities' content='ocr_page ocr_carea ocr_par ocr_line ocrx_word'/>
</head>
<body>
  <div class='ocr_page' id='page_1' title='image "./variaelectiones02cobegoog_0237.png"; bbox 0 0 3767 5717; ppageno 0'>
   <div class='ocr_carea' id='block_1_1' title="bbox 895 594 962 659">
    <p class='ocr_par' dir='ltr' id='par_1_1' title="bbox 895 594 962 659">
     <span class='ocr_line' id='line_1_1' title="bbox 895 594 962 659; baseline 0 0"><span class='ocrx_word' id='word_1_1' title='bbox 895 594 962 659; x_wconf 76' lang='lat'><strong>223</strong></span> 
     </span>
    </p>
   </div>
   <div class='ocr_carea' id='block_1_2' title="bbox 313 785 1619 4131">
    <p class='ocr_par' dir='ltr' id='par_1_2' title="bbox 324 785 1619 2033">
     <span class='ocr_line' id='line_1_2' title="bbox 330 785 1619 879; baseline 0.001 -22"><span class='ocrx_word' id='word_1_2' title='bbox 330 804 471 860; x_wconf 87' lang='lat' dir='ltr'><strong>nonest</strong></span> <span class='ocrx_word' id='word_1_3' title='bbox 501 788 677 869; x_wconf 78' lang='lat' dir='ltr'><strong>Graecum,</strong></span> <span class='ocrx_word' id='word_1_4' title='bbox 709 798 742 854; x_wconf 83' lang='lat' dir='ltr'><strong>et</strong></span> <span class='ocrx_word' id='word_1_5' title='bbox 771 792 900 871; x_wconf 75' lang='grc' dir='ltr'><strong><em>παλαιᾷ</em></strong></span> <span class='ocrx_word' id='word_1_6' title='bbox 928 810 973 870; x_wconf 82' lang='grc' dir='ltr'><strong>τῳ</strong></span> <span class='ocrx_word' id='word_1_7' title='bbox 1000 785 1083 872; x_wconf 83' lang='grc' dir='ltr'><strong><em>ίθένη</em></strong></span> <span class='ocrx_word' id='word_1_8' title='bbox 1110 811 1171 879; x_wconf 88' lang='lat' dir='ltr'><strong>pro</strong></span> <span class='ocrx_word' id='word_1_9' title='bbox 1197 797 1250 874; x_wconf 68' lang='grc' dir='ltr'><strong>τῇ.</strong></span> <span class='ocrx_word' id='word_1_10' title='bbox 1284 790 1371 878; x_wconf 77' lang='lat'><strong>§23</strong></span> <span class='ocrx_word' id='word_1_11' title='bbox 1399 790 1508 859; x_wconf 82' lang='lat' dir='ltr'><strong>soribe</strong></span> <span class='ocrx_word' id='word_1_12' title='bbox 1616 861 1619 866; x_wconf 69' lang='grc'><strong><em>,</em></strong></span> 
     </span>
     <span class='ocr_line' id='line_1_3' title="bbox 327 891 1502 989; baseline -0.001 -26"><span class='ocrx_word' id='word_1_13' title='bbox 327 896 432 979; x_wconf 80' lang='grc' dir='ltr'><strong><em>άθράος</em></strong></span> <span class='ocrx_word' id='word_1_14' title='bbox 451 909 485 963; x_wconf 89' lang='lat' dir='ltr'><strong>et</strong></span> <span class='ocrx_word' id='word_1_15' title='bbox 505 897 585 979; x_wconf 84' lang='grc' dir='ltr'><strong><em>ἐρθθν</em></strong></span> <span class='ocrx_word' id='word_1_16' title='bbox 605 917 664 989; x_wconf 84' lang='lat' dir='ltr'><strong>pro</strong></span> <span class='ocrx_word' id='word_1_17' title='bbox 685 893 796 976; x_wconf 82' lang='grc' dir='ltr'><strong><em>άθρθυς</em></strong></span> <span class='ocrx_word' id='word_1_18' title='bbox 818 902 850 959; x_wconf 85' lang='lat' dir='ltr'><strong>et</strong></span> <span class='ocrx_word' id='word_1_19' title='bbox 868 891 972 974; x_wconf 79' lang='grc' dir='ltr'><strong><em>ὄρθιον.</em></strong></span> <span class='ocrx_word' id='word_1_20' title='bbox 1019 892 1058 959; x_wconf 93' lang='lat' dir='ltr'><strong>Io</strong></span> <span class='ocrx_word' id='word_1_21' title='bbox 1080 900 1099 983; x_wconf 82' lang='lat'><em>§</em></span> <span class='ocrx_word' id='word_1_22' title='bbox 1119 898 1173 962; x_wconf 79' lang='lat'><strong>27.</strong></span> <span class='ocrx_word' id='word_1_23' title='bbox 1196 894 1427 979; x_wconf 72' lang='grc' dir='ltr'><strong><em>ἐπισκιάζουσιν</em></strong></span> <span class='ocrx_word' id='word_1_24' title='bbox 1445 900 1502 962; x_wconf 77' lang='grc' dir='ltr'><strong>αὖ·</strong></span> 
     </span>
     <span class='ocr_line' id='line_1_4' title="bbox 326 992 1503 1093; baseline 0.002 -28"><span class='ocrx_word' id='word_1_25' title='bbox 326 1001 410 1074; x_wconf 78' lang='grc' dir='ltr'><strong><em>τούς.</em></strong></span> <span class='ocrx_word' id='word_1_26' title='bbox 436 1014 620 1093; x_wconf 81' lang='lat' dir='ltr'><strong>suspectum</strong></span> <span class='ocrx_word' id='word_1_27' title='bbox 640 1000 722 1067; x_wconf 90' lang='lat' dir='ltr'><strong>mihi</strong></span> <span class='ocrx_word' id='word_1_28' title='bbox 742 992 949 1090; x_wconf 82' lang='lat' dir='ltr'><strong>vehementer</strong></span> <span class='ocrx_word' id='word_1_29' title='bbox 967 1011 1015 1065; x_wconf 87' lang='lat' dir='ltr'><strong>est</strong></span> <span class='ocrx_word' id='word_1_30' title='bbox 1035 1002 1227 1085; x_wconf 72' lang='grc' dir='ltr'><strong><em>ἐπισκιάζειν</em></strong></span> <span class='ocrx_word' id='word_1_31' title='bbox 1246 1022 1307 1091; x_wconf 90' lang='lat' dir='ltr'><strong>pro</strong></span> <span class='ocrx_word' id='word_1_32' title='bbox 1325 1004 1503 1067; x_wconf 78' lang='grc' dir='ltr'><strong><em>ἐπισκοτεῖν</em></strong></span> 
     </span>
     <span class='ocr_line' id='line_1_5' title="bbox 326 1102 1503 1196; baseline 0.002 -25"><span class='ocrx_word' id='word_1_33' title='bbox 326 1106 468 1195; x_wconf 88' lang='lat' dir='ltr'><strong>positum</strong></span> <span class='ocrx_word' id='word_1_34' title='bbox 498 1108 548 1174; x_wconf 85' lang='lat' dir='ltr'><strong>rel</strong></span> <span class='ocrx_word' id='word_1_35' title='bbox 576 1105 805 1189; x_wconf 73' lang='grc' dir='ltr'><strong><em>ἐπηλυγάζειν,</em></strong></span> <span class='ocrx_word' id='word_1_36' title='bbox 839 1127 904 1196; x_wconf 93' lang='lat' dir='ltr'><strong>quo</strong></span> <span class='ocrx_word' id='word_1_37' title='bbox 933 1104 1098 1172; x_wconf 74' lang='lat' dir='ltr'><strong>Atticistae</strong></span> <span class='ocrx_word' id='word_1_38' title='bbox 1124 1106 1334 1173; x_wconf 80' lang='lat' dir='ltr'><strong>delcetantur.</strong></span> <span class='ocrx_word' id='word_1_39' title='bbox 1381 1102 1420 1170; x_wconf 89' lang='lat' dir='ltr'><strong>Iu</strong></span> <span class='ocrx_word' id='word_1_40' title='bbox 1439 1105 1503 1173; x_wconf 86' lang='lat' dir='ltr'><strong>alio</strong></span> 
     </span>
     <span class='ocr_line' id='line_1_6' title="bbox 327 1206 1503 1307; baseline -0.001 -31"><span class='ocrx_word' id='word_1_41' title='bbox 327 1210 474 1278; x_wconf 77' lang='lat' dir='ltr'><strong>Lucrrnr</strong></span> <span class='ocrx_word' id='word_1_42' title='bbox 490 1211 562 1277; x_wconf 84' lang='lat' dir='ltr'><strong>loeo</strong></span> <span class='ocrx_word' id='word_1_43' title='bbox 579 1206 643 1301; x_wconf 76' lang='lat' dir='ltr'><strong>bd,</strong></span> <span class='ocrx_word' id='word_1_44' title='bbox 666 1213 693 1275; x_wconf 87' lang='lat' dir='ltr'><strong>l.</strong></span> <span class='ocrx_word' id='word_1_45' title='bbox 712 1206 834 1275; x_wconf 87' lang='lat' dir='ltr'><strong>ridebis</strong></span> <span class='ocrx_word' id='word_1_46' title='bbox 855 1232 962 1276; x_wconf 84' lang='lat' dir='ltr'><strong>reram</strong></span> <span class='ocrx_word' id='word_1_47' title='bbox 981 1214 1171 1303; x_wconf 78' lang='lat' dir='ltr'><strong>scripturam</strong></span> <span class='ocrx_word' id='word_1_48' title='bbox 1186 1211 1433 1307; x_wconf 77' lang='grc' dir='ltr'><strong><em>ἐπηλυγάζουσα</em></strong></span> <span class='ocrx_word' id='word_1_49' title='bbox 1452 1212 1503 1276; x_wconf 85' lang='lat' dir='ltr'><strong>rir</strong></span> 
     </span>
     <span class='ocr_line' id='line_1_7' title="bbox 325 1314 1503 1406; baseline 0 -25"><span class='ocrx_word' id='word_1_50' title='bbox 325 1316 458 1383; x_wconf 85' lang='lat' dir='ltr'><strong>erasisse</strong></span> <span class='ocrx_word' id='word_1_51' title='bbox 486 1330 518 1383; x_wconf 87' lang='lat' dir='ltr'><strong>et</strong></span> <span class='ocrx_word' id='word_1_52' title='bbox 546 1314 771 1399; x_wconf 87' lang='grc' dir='ltr'><strong><em>ἐπισκιάζουσα</em></strong></span> <span class='ocrx_word' id='word_1_53' title='bbox 797 1316 969 1406; x_wconf 81' lang='lat' dir='ltr'><strong>irrepsisse.</strong></span> <span class='ocrx_word' id='word_1_54' title='bbox 1002 1315 1052 1386; x_wconf 81' lang='lat' dir='ltr'><strong>Gi.</strong></span> <span class='ocrx_word' id='word_1_55' title='bbox 1081 1319 1258 1385; x_wconf 71' lang='lat' dir='ltr'><strong>Ronanus.</strong></span> <span class='ocrx_word' id='word_1_56' title='bbox 1279 1316 1321 1383; x_wconf 84' lang='lat' dir='ltr'><strong>ad</strong></span> <span class='ocrx_word' id='word_1_57' title='bbox 1343 1316 1503 1382; x_wconf 75' lang='lat' dir='ltr'><strong>Trntnorr</strong></span> 
     </span>
     <span class='ocr_line' id='line_1_8' title="bbox 328 1414 1504 1515; baseline -0.002 -27"><span class='ocrx_word' id='word_1_58' title='bbox 328 1445 357 1488; x_wconf 84' lang='lat' dir='ltr'><strong>r.</strong></span> <span class='ocrx_word' id='word_1_59' title='bbox 377 1414 649 1506; x_wconf 74' lang='grc' dir='ltr'><strong><em>ἐπηλυγάζονται,</em></strong></span> <span class='ocrx_word' id='word_1_60' title='bbox 684 1422 741 1512; x_wconf 88' lang='lat' dir='ltr'><strong>qui</strong></span> <span class='ocrx_word' id='word_1_61' title='bbox 770 1422 884 1487; x_wconf 79' lang='lat' dir='ltr'><strong>eximia</strong></span> <span class='ocrx_word' id='word_1_62' title='bbox 911 1422 953 1489; x_wconf 89' lang='lat' dir='ltr'><strong>de</strong></span> <span class='ocrx_word' id='word_1_63' title='bbox 981 1446 1071 1490; x_wconf 88' lang='lat' dir='ltr'><strong>more</strong></span> <span class='ocrx_word' id='word_1_64' title='bbox 1095 1423 1308 1515; x_wconf 74' lang='lat' dir='ltr'><strong>conquisivit,</strong></span> <span class='ocrx_word' id='word_1_65' title='bbox 1332 1422 1387 1488; x_wconf 83' lang='lat' dir='ltr'><strong>sod</strong></span> <span class='ocrx_word' id='word_1_66' title='bbox 1409 1422 1504 1487; x_wconf 88' lang='lat' dir='ltr'><strong>ineo</strong></span> 
     </span>
     <span class='ocr_line' id='line_1_9' title="bbox 325 1526 1502 1617; baseline 0.002 -26"><span class='ocrx_word' id='word_1_67' title='bbox 325 1540 446 1616; x_wconf 86' lang='lat' dir='ltr'><strong>peooat·</strong></span> <span class='ocrx_word' id='word_1_68' title='bbox 458 1528 546 1617; x_wconf 92' lang='lat' dir='ltr'><strong>quod</strong></span> <span class='ocrx_word' id='word_1_69' title='bbox 566 1526 772 1594; x_wconf 81' lang='lat' dir='ltr'><strong>librariorum</strong></span> <span class='ocrx_word' id='word_1_70' title='bbox 793 1551 914 1595; x_wconf 86' lang='lat' dir='ltr'><strong>errores</strong></span> <span class='ocrx_word' id='word_1_71' title='bbox 930 1530 1186 1609; x_wconf 70' lang='grc' dir='ltr'><strong><em>ἐπηλυνίσασθαι</em></strong></span> <span class='ocrx_word' id='word_1_72' title='bbox 1207 1541 1240 1595; x_wconf 84' lang='lat' dir='ltr'><strong>ot</strong></span> <span class='ocrx_word' id='word_1_73' title='bbox 1255 1527 1502 1607; x_wconf 69' lang='grc' dir='ltr'><strong><em>ἐπιλογίσασθαι</em></strong></span> 
     </span>
     <span class='ocr_line' id='line_1_10' title="bbox 327 1632 1504 1725; baseline -0.002 -28"><span class='ocrx_word' id='word_1_74' title='bbox 327 1632 426 1699; x_wconf 87' lang='lat' dir='ltr'><strong>habet</strong></span> <span class='ocrx_word' id='word_1_75' title='bbox 454 1656 514 1725; x_wconf 90' lang='lat' dir='ltr'><strong>pro</strong></span> <span class='ocrx_word' id='word_1_76' title='bbox 540 1634 702 1724; x_wconf 78' lang='lat' dir='ltr'><strong>genuinis:</strong></span> <span class='ocrx_word' id='word_1_77' title='bbox 735 1658 801 1701; x_wconf 93' lang='lat' dir='ltr'><strong>non</strong></span> <span class='ocrx_word' id='word_1_78' title='bbox 829 1647 903 1701; x_wconf 90' lang='lat' dir='ltr'><strong>sunt</strong></span> <span class='ocrx_word' id='word_1_79' title='bbox 929 1634 987 1699; x_wconf 85' lang='lat' dir='ltr'><strong>isto</strong></span> <span class='ocrx_word' id='word_1_80' title='bbox 1013 1634 1155 1701; x_wconf 87' lang='lat' dir='ltr'><strong>melioris</strong></span> <span class='ocrx_word' id='word_1_81' title='bbox 1174 1645 1272 1700; x_wconf 85' lang='lat' dir='ltr'><strong>notae</strong></span> <span class='ocrx_word' id='word_1_82' title='bbox 1289 1654 1389 1723; x_wconf 80' lang='lat' dir='ltr'><strong>quom</strong></span> <span class='ocrx_word' id='word_1_83' title='bbox 1408 1646 1504 1697; x_wconf 85' lang='grc' dir='ltr'><strong><em>λελυ-</em></strong></span> 
     </span>
     <span class='ocr_line' id='line_1_11' title="bbox 324 1730 1503 1830; baseline 0 -29"><span class='ocrx_word' id='word_1_84' title='bbox 324 1738 501 1818; x_wconf 70' lang='grc' dir='ltr'><strong><em>μασμένος,</em></strong></span> <span class='ocrx_word' id='word_1_85' title='bbox 512 1738 599 1829; x_wconf 87' lang='lat' dir='ltr'><strong>qnod</strong></span> <span class='ocrx_word' id='word_1_86' title='bbox 613 1740 809 1807; x_wconf 77' lang='lat' dir='ltr'><strong>listronono</strong></span> <span class='ocrx_word' id='word_1_87' title='bbox 829 1739 975 1806; x_wconf 81' lang='lat' dir='ltr'><strong>obtrudit</strong></span> <span class='ocrx_word' id='word_1_88' title='bbox 992 1740 1079 1830; x_wconf 85' lang='lat' dir='ltr'><strong>apud</strong></span> <span class='ocrx_word' id='word_1_89' title='bbox 1089 1737 1271 1807; x_wconf 79' lang='lat' dir='ltr'><strong>Sronrunu</strong></span> <span class='ocrx_word' id='word_1_90' title='bbox 1286 1738 1408 1805; x_wconf 73' lang='lat' dir='ltr'><strong>Flon&#39;l.</strong></span> <span class='ocrx_word' id='word_1_91' title='bbox 1418 1730 1460 1814; x_wconf 78' lang='grc'><strong>9,</strong></span> <span class='ocrx_word' id='word_1_92' title='bbox 1470 1738 1503 1801; x_wconf 76' lang='lat'><strong>6.</strong></span> 
     </span>
     <span class='ocr_line' id='line_1_12' title="bbox 326 1840 995 1933; baseline 0.009 -29"><span class='ocrx_word' id='word_1_93' title='bbox 326 1840 383 1906; x_wconf 88' lang='lat' dir='ltr'><strong>ubi</strong></span> <span class='ocrx_word' id='word_1_94' title='bbox 408 1864 518 1909; x_wconf 82' lang='lat' dir='ltr'><strong>verum</strong></span> <span class='ocrx_word' id='word_1_95' title='bbox 539 1855 606 1909; x_wconf 81' lang='lat' dir='ltr'><strong>est:</strong></span> <span class='ocrx_word' id='word_1_96' title='bbox 784 1928 787 1933; x_wconf 27' lang='grc' dir='ltr'>Ι</span> <span class='ocrx_word' id='word_1_97' title='bbox 992 1850 995 1854; x_wconf 86' lang='grc'><strong>’</strong></span> 
     </span>
     <span class='ocr_line' id='line_1_13' title="bbox 550 1946 1278 2033; baseline 0.001 -19"><span class='ocrx_word' id='word_1_98' title='bbox 550 1946 582 2021; x_wconf 76' lang='grc' dir='ltr'><strong><em>ἐς</em></strong></span> <span class='ocrx_word' id='word_1_99' title='bbox 606 1948 638 2014; x_wconf 78' lang='grc' dir='ltr'><strong>δέ</strong></span> <span class='ocrx_word' id='word_1_100' title='bbox 662 1972 698 2015; x_wconf 88' lang='grc' dir='ltr'><strong>κε</strong></span> <span class='ocrx_word' id='word_1_101' title='bbox 720 1958 844 2033; x_wconf 76' lang='grc' dir='ltr'><strong><em>λημηρή</em></strong></span> <span class='ocrx_word' id='word_1_102' title='bbox 868 1948 987 2032; x_wconf 81' lang='grc' dir='ltr'><strong><em>νεφέλη</em></strong></span> <span class='ocrx_word' id='word_1_103' title='bbox 1010 1948 1170 2028; x_wconf 73' lang='grc' dir='ltr'><strong><em>εἰλυμένος</em></strong></span> <span class='ocrx_word' id='word_1_104' title='bbox 1192 1947 1278 2017; x_wconf 83' lang='grc' dir='ltr'><strong><em>ἐσσε.</em></strong></span> 
     </span>
    </p>

    <p class='ocr_par' dir='ltr' id='par_1_3' title="bbox 313 2050 1590 4035">
     <span class='ocr_line' id='line_1_14' title="bbox 325 2050 1505 2143; baseline 0.001 -29"><span class='ocrx_word' id='word_1_105' title='bbox 325 2059 362 2114; x_wconf 88' lang='lat' dir='ltr'><strong>ut</strong></span> <span class='ocrx_word' id='word_1_106' title='bbox 382 2050 500 2133; x_wconf 78' lang='grc' dir='ltr'><strong><em>νεφέλη</em></strong></span> <span class='ocrx_word' id='word_1_107' title='bbox 515 2050 677 2133; x_wconf 77' lang='grc' dir='ltr'><strong><em>εἰλυμένος</em></strong></span> <span class='ocrx_word' id='word_1_108' title='bbox 695 2052 794 2133; x_wconf 80' lang='grc' dir='ltr'><strong><em>θμουρ</em></strong></span> <span class='ocrx_word' id='word_1_109' title='bbox 814 2054 848 2118; x_wconf 92' lang='lat' dir='ltr'><strong>in</strong></span> <span class='ocrx_word' id='word_1_110' title='bbox 868 2052 971 2121; x_wconf 80' lang='lat' dir='ltr'><strong>Iliade</strong></span> <span class='ocrx_word' id='word_1_111' title='bbox 985 2064 1023 2121; x_wconf 86' lang='lat' dir='ltr'><strong>E.</strong></span> <span class='ocrx_word' id='word_1_112' title='bbox 1036 2058 1126 2134; x_wconf 70' lang='lat'><strong>186„</strong></span> <span class='ocrx_word' id='word_1_113' title='bbox 1145 2066 1178 2119; x_wconf 84' lang='lat' dir='ltr'><strong>et</strong></span> <span class='ocrx_word' id='word_1_114' title='bbox 1192 2055 1226 2119; x_wconf 89' lang='lat' dir='ltr'><strong>in</strong></span> <span class='ocrx_word' id='word_1_115' title='bbox 1243 2054 1310 2119; x_wconf 84' lang='lat' dir='ltr'><strong>fine</strong></span> <span class='ocrx_word' id='word_1_116' title='bbox 1328 2050 1505 2143; x_wconf 75' lang='lat' dir='ltr'><strong>fragmenti</strong></span> 
     </span>
     <span class='ocr_line' id='line_1_15' title="bbox 324 2152 1501 2249; baseline 0.004 -31"><span class='ocrx_word' id='word_1_117' title='bbox 324 2152 379 2238; x_wconf 76' lang='grc' dir='ltr'><strong>ρέα</strong></span> <span class='ocrx_word' id='word_1_118' title='bbox 400 2155 426 2219; x_wconf 75' lang='grc' dir='ltr'><strong>δ’</strong></span> <span class='ocrx_word' id='word_1_119' title='bbox 445 2154 578 2222; x_wconf 85' lang='grc' dir='ltr'><strong><em>άλθεται</em></strong></span> <span class='ocrx_word' id='word_1_120' title='bbox 602 2158 692 2223; x_wconf 78' lang='grc' dir='ltr'><strong><em>ὕδατι</em></strong></span> <span class='ocrx_word' id='word_1_121' title='bbox 710 2163 815 2231; x_wconf 75' lang='grc' dir='ltr'><strong><em>νοῦσος</em></strong></span> <span class='ocrx_word' id='word_1_122' title='bbox 835 2180 895 2249; x_wconf 89' lang='lat' dir='ltr'><strong>pro</strong></span> <span class='ocrx_word' id='word_1_123' title='bbox 914 2158 1050 2226; x_wconf 87' lang='grc' dir='ltr'><strong><em>ἐκθεται.</em></strong></span> <span class='ocrx_word' id='word_1_124' title='bbox 1098 2161 1266 2226; x_wconf 84' lang='lat' dir='ltr'><strong>Praeterea</strong></span> <span class='ocrx_word' id='word_1_125' title='bbox 1285 2158 1428 2225; x_wconf 83' lang='lat' dir='ltr'><strong>dotirnm</strong></span> <span class='ocrx_word' id='word_1_126' title='bbox 1449 2181 1501 2223; x_wconf 87' lang='lat' dir='ltr'><strong>re·</strong></span> 
     </span>
     <span class='ocr_line' id='line_1_16' title="bbox 322 2258 1502 2355; baseline 0.008 -31"><span class='ocrx_word' id='word_1_127' title='bbox 322 2258 417 2349; x_wconf 90' lang='lat' dir='ltr'><strong>qniro</strong></span> <span class='ocrx_word' id='word_1_128' title='bbox 437 2260 689 2346; x_wconf 75' lang='grc' dir='ltr'><strong><em>ἐπηλυγάζουσα</em></strong></span> <span class='ocrx_word' id='word_1_129' title='bbox 714 2266 838 2343; x_wconf 81' lang='grc' dir='ltr'><strong><em>αὐτοῖς,</em></strong></span> <span class='ocrx_word' id='word_1_130' title='bbox 863 2265 1033 2342; x_wconf 80' lang='lat' dir='ltr'><strong>tenebras,</strong></span> <span class='ocrx_word' id='word_1_131' title='bbox 1052 2268 1232 2355; x_wconf 74' lang='lat' dir='ltr'><strong>caliginem</strong></span> <span class='ocrx_word' id='word_1_132' title='bbox 1249 2269 1297 2330; x_wconf 84' lang='lat' dir='ltr'><strong>iis</strong></span> <span class='ocrx_word' id='word_1_133' title='bbox 1315 2263 1502 2353; x_wconf 79' lang='lat' dir='ltr'><strong>offundunt.</strong></span> 
     </span>
     <span class='ocr_line' id='line_1_17' title="bbox 324 2363 1504 2458; baseline 0.002 -27"><span class='ocrx_word' id='word_1_134' title='bbox 324 2363 438 2432; x_wconf 87' lang='lat' dir='ltr'><strong>Obiter</strong></span> <span class='ocrx_word' id='word_1_135' title='bbox 458 2366 593 2433; x_wconf 83' lang='lat' dir='ltr'><strong>emenda</strong></span> <span class='ocrx_word' id='word_1_136' title='bbox 614 2368 820 2435; x_wconf 77' lang='lat' dir='ltr'><strong>Ponrunttutr</strong></span> <span class='ocrx_word' id='word_1_137' title='bbox 837 2367 879 2435; x_wconf 90' lang='lat' dir='ltr'><strong>ll.</strong></span> <span class='ocrx_word' id='word_1_138' title='bbox 893 2374 923 2436; x_wconf 84' lang='lat'><strong>3.</strong></span> <span class='ocrx_word' id='word_1_139' title='bbox 939 2376 957 2458; x_wconf 84' lang='lat'>§</span> <span class='ocrx_word' id='word_1_140' title='bbox 975 2370 1027 2435; x_wconf 84' lang='lat'><strong>14.</strong></span> <span class='ocrx_word' id='word_1_141' title='bbox 1049 2380 1180 2439; x_wconf 80' lang='grc' dir='ltr'><strong><em>πλεῒςον</em></strong></span> <span class='ocrx_word' id='word_1_142' title='bbox 1199 2369 1375 2444; x_wconf 72' lang='grc' dir='ltr'><strong><em>ἐπανέεησε</em></strong></span> <span class='ocrx_word' id='word_1_143' title='bbox 1393 2392 1504 2451; x_wconf 58' lang='grc' dir='ltr'><strong><em>κονιορε</em></strong></span> 
     </span>
     <span class='ocr_line' id='line_1_18' title="bbox 321 2466 1523 2554; baseline 0.003 -17"><span class='ocrx_word' id='word_1_144' title='bbox 321 2472 374 2537; x_wconf 84' lang='grc' dir='ltr'><strong>τέν</strong></span> <span class='ocrx_word' id='word_1_145' title='bbox 404 2473 655 2547; x_wconf 75' lang='grc' dir='ltr'><strong><em>ἐπισκήπτων</em></strong></span> <span class='ocrx_word' id='word_1_146' title='bbox 686 2482 751 2545; x_wconf 72' lang='grc' dir='ltr'><strong><em>τοία</em></strong></span> <span class='ocrx_word' id='word_1_147' title='bbox 775 2470 835 2538; x_wconf 78' lang='grc' dir='ltr'><strong>τάν</strong></span> <span class='ocrx_word' id='word_1_148' title='bbox 861 2473 1019 2553; x_wconf 87' lang='grc' dir='ltr'><strong><em>πολεμίοιν</em></strong></span> <span class='ocrx_word' id='word_1_149' title='bbox 1040 2472 1166 2554; x_wconf 85' lang='grc' dir='ltr'><strong><em>ἐψεσιν,</em></strong></span> <span class='ocrx_word' id='word_1_150' title='bbox 1195 2472 1357 2540; x_wconf 79' lang='lat' dir='ltr'><strong>imovero</strong></span> <span class='ocrx_word' id='word_1_151' title='bbox 1377 2466 1523 2541; x_wconf 56' lang='lat' dir='ltr'><strong>s&#39;rrrrrru-⁴</strong></span> 
     </span>
     <span class='ocr_line' id='line_1_19' title="bbox 322 2574 1503 2668; baseline 0.003 -27"><span class='ocrx_word' id='word_1_152' title='bbox 322 2580 394 2641; x_wconf 77' lang='grc' dir='ltr'><strong>τῶν.</strong></span> <span class='ocrx_word' id='word_1_153' title='bbox 420 2575 463 2641; x_wconf 85' lang='lat' dir='ltr'><strong>oi.</strong></span> <span class='ocrx_word' id='word_1_154' title='bbox 483 2574 542 2642; x_wconf 87' lang='lat'><strong>111.</strong></span> <span class='ocrx_word' id='word_1_155' title='bbox 563 2580 600 2657; x_wconf 87' lang='grc'><strong>9,</strong></span> <span class='ocrx_word' id='word_1_156' title='bbox 621 2581 651 2644; x_wconf 84' lang='grc'><strong>8.</strong></span> <span class='ocrx_word' id='word_1_157' title='bbox 674 2590 708 2644; x_wconf 85' lang='lat' dir='ltr'><strong>et</strong></span> <span class='ocrx_word' id='word_1_158' title='bbox 728 2577 813 2643; x_wconf 90' lang='lat' dir='ltr'><strong>alibi.</strong></span> <span class='ocrx_word' id='word_1_159' title='bbox 861 2578 944 2665; x_wconf 71' lang='lat' dir='ltr'><strong>&#39;luna</strong></span> <span class='ocrx_word' id='word_1_160' title='bbox 971 2577 1044 2667; x_wconf 76' lang='lat' dir='ltr'><strong>lege</strong></span> <span class='ocrx_word' id='word_1_161' title='bbox 1067 2576 1287 2660; x_wconf 73' lang='grc' dir='ltr'><strong><em>τυγχάνοντες</em></strong></span> <span class='ocrx_word' id='word_1_162' title='bbox 1307 2600 1369 2668; x_wconf 88' lang='lat' dir='ltr'><strong>pro</strong></span> <span class='ocrx_word' id='word_1_163' title='bbox 1391 2580 1503 2658; x_wconf 80' lang='grc' dir='ltr'><strong><em>ἐντυγ·</em></strong></span> 
     </span>
     <span class='ocr_line' id='line_1_20' title="bbox 323 2679 1504 2772; baseline 0.003 -27"><span class='ocrx_word' id='word_1_164' title='bbox 323 2679 489 2762; x_wconf 80' lang='grc' dir='ltr'><strong><em>χάνοντες.</em></strong></span> <span class='ocrx_word' id='word_1_165' title='bbox 524 2688 543 2771; x_wconf 83' lang='lat'>§</span> <span class='ocrx_word' id='word_1_166' title='bbox 563 2687 618 2751; x_wconf 83' lang='lat'><strong>29.</strong></span> <span class='ocrx_word' id='word_1_167' title='bbox 641 2686 832 2757; x_wconf 66' lang='lat' dir='ltr'><strong>debitales</strong></span> <span class='ocrx_word' id='word_1_168' title='bbox 855 2680 901 2763; x_wconf 85' lang='grc' dir='ltr'><strong>εί,</strong></span> <span class='ocrx_word' id='word_1_169' title='bbox 926 2705 1073 2772; x_wconf 71' lang='lat' dir='ltr'><strong>expungo</strong></span> <span class='ocrx_word' id='word_1_170' title='bbox 1092 2684 1138 2749; x_wconf 76' lang='grc' dir='ltr'><strong><em>δέ.</em></strong></span> <span class='ocrx_word' id='word_1_171' title='bbox 1171 2686 1254 2772; x_wconf 67' lang='lat'><strong>§30</strong></span> <span class='ocrx_word' id='word_1_172' title='bbox 1277 2683 1504 2750; x_wconf 66' lang='lat' dir='ltr'><strong>scriberemus</strong></span> 
     </span>
     <span class='ocr_line' id='line_1_21' title="bbox 320 2784 1499 2877; baseline 0.003 -26"><span class='ocrx_word' id='word_1_173' title='bbox 320 2784 419 2851; x_wconf 81' lang='grc' dir='ltr'><strong><em>λιπών</em></strong></span> <span class='ocrx_word' id='word_1_174' title='bbox 450 2809 508 2876; x_wconf 87' lang='lat' dir='ltr'><strong>pro</strong></span> <span class='ocrx_word' id='word_1_175' title='bbox 537 2786 754 2855; x_wconf 85' lang='grc' dir='ltr'><strong><em>καταλείπων.</em></strong></span> <span class='ocrx_word' id='word_1_176' title='bbox 786 2798 898 2853; x_wconf 84' lang='lat' dir='ltr'><strong>contra</strong></span> <span class='ocrx_word' id='word_1_177' title='bbox 924 2794 942 2877; x_wconf 83' lang='lat'>§</span> <span class='ocrx_word' id='word_1_178' title='bbox 966 2792 1021 2855; x_wconf 88' lang='lat'><strong>37.</strong></span> <span class='ocrx_word' id='word_1_179' title='bbox 1046 2786 1184 2866; x_wconf 74' lang='grc' dir='ltr'><strong><em>άπάγυν</em></strong></span> <span class='ocrx_word' id='word_1_180' title='bbox 1213 2811 1274 2877; x_wconf 86' lang='lat' dir='ltr'><strong>pro</strong></span> <span class='ocrx_word' id='word_1_181' title='bbox 1302 2790 1499 2868; x_wconf 74' lang='grc' dir='ltr'><strong><em>άτανανάν.</em></strong></span> 
     </span>
     <span class='ocr_line' id='line_1_22' title="bbox 320 2891 1500 2981; baseline 0.004 -29"><span class='ocrx_word' id='word_1_182' title='bbox 320 2909 415 2955; x_wconf 86' lang='lat' dir='ltr'><strong>eausa</strong></span> <span class='ocrx_word' id='word_1_183' title='bbox 434 2891 607 2981; x_wconf 86' lang='lat' dir='ltr'><strong>utrobique</strong></span> <span class='ocrx_word' id='word_1_184' title='bbox 626 2891 795 2957; x_wconf 80' lang='lat' dir='ltr'><strong>manifesto</strong></span> <span class='ocrx_word' id='word_1_185' title='bbox 813 2903 873 2957; x_wconf 88' lang='lat' dir='ltr'><strong>est:</strong></span> <span class='ocrx_word' id='word_1_186' title='bbox 896 2902 967 2958; x_wconf 88' lang='lat' dir='ltr'><strong>tum</strong></span> <span class='ocrx_word' id='word_1_187' title='bbox 980 2892 1274 2971; x_wconf 77' lang='grc' dir='ltr'><strong><em>,δικαιολογήσομαι</em></strong></span> <span class='ocrx_word' id='word_1_188' title='bbox 1295 2904 1328 2959; x_wconf 86' lang='lat' dir='ltr'><strong>et</strong></span> <span class='ocrx_word' id='word_1_189' title='bbox 1344 2907 1500 2974; x_wconf 79' lang='grc' dir='ltr'><strong><em>χαλεπα-</em></strong></span> 
     </span>
     <span class='ocr_line' id='line_1_23' title="bbox 320 2994 1503 3085; baseline 0.002 -25"><span class='ocrx_word' id='word_1_190' title='bbox 320 3006 393 3069; x_wconf 79' lang='grc' dir='ltr'><strong><em>νεῖς.</em></strong></span> <span class='ocrx_word' id='word_1_191' title='bbox 427 3001 518 3085; x_wconf 71' lang='lat' dir='ltr'><strong>§liu</strong></span> <span class='ocrx_word' id='word_1_192' title='bbox 543 2995 881 3080; x_wconf 81' lang='grc' dir='ltr'><strong><em>καταδιαφθειρέμενον</em></strong></span> <span class='ocrx_word' id='word_1_193' title='bbox 905 2997 959 3061; x_wconf 84' lang='grc' dir='ltr'><strong><em>καί</em></strong></span> <span class='ocrx_word' id='word_1_194' title='bbox 982 2994 1148 3074; x_wconf 82' lang='grc' dir='ltr'><strong><em>σβεννύναι</em></strong></span> <span class='ocrx_word' id='word_1_195' title='bbox 1169 2996 1503 3075; x_wconf 66' lang='grc' dir='ltr'><strong><em>ίκετειίοντα,’ῑιιιιιέι</em></strong></span> 
     </span>
     <span class='ocr_line' id='line_1_24' title="bbox 318 3101 1583 3193; baseline -0.001 -25"><span class='ocrx_word' id='word_1_196' title='bbox 318 3125 403 3193; x_wconf 88' lang='lat' dir='ltr'><strong>pone</strong></span> <span class='ocrx_word' id='word_1_197' title='bbox 434 3102 684 3185; x_wconf 64' lang='grc' dir='ltr'><strong><em>διαφθειρόμενον</em></strong></span> <span class='ocrx_word' id='word_1_198' title='bbox 713 3101 768 3167; x_wconf 72' lang='grc' dir='ltr'><strong><em>καὶ</em></strong></span> <span class='ocrx_word' id='word_1_199' title='bbox 800 3102 1056 3182; x_wconf 78' lang='grc' dir='ltr'><strong><em>κατασβεννύναι</em></strong></span> <span class='ocrx_word' id='word_1_200' title='bbox 1087 3112 1122 3167; x_wconf 86' lang='lat' dir='ltr'><strong>et</strong></span> <span class='ocrx_word' id='word_1_201' title='bbox 1148 3124 1209 3192; x_wconf 86' lang='lat' dir='ltr'><strong>pro</strong></span> <span class='ocrx_word' id='word_1_202' title='bbox 1238 3103 1422 3185; x_wconf 70' lang='grc' dir='ltr'><strong><em>ἐπεψήφισε</em></strong></span> <span class='ocrx_word' id='word_1_203' title='bbox 1459 3111 1500 3186; x_wconf 67' lang='grc' dir='ltr'><strong>τῇ</strong></span> <span class='ocrx_word' id='word_1_204' title='bbox 1577 3107 1583 3120; x_wconf 87' lang='grc'><strong>”</strong></span> 
     </span>
     <span class='ocr_line' id='line_1_25' title="bbox 313 3200 1590 3299; baseline -0.005 -22"><span class='ocrx_word' id='word_1_205' title='bbox 313 3209 473 3293; x_wconf 76' lang='grc' dir='ltr'><strong><em>ἐκκλησίην</em></strong></span> <span class='ocrx_word' id='word_1_206' title='bbox 501 3208 573 3299; x_wconf 78' lang='lat' dir='ltr'><strong>lege</strong></span> <span class='ocrx_word' id='word_1_207' title='bbox 601 3208 801 3291; x_wconf 71' lang='grc' dir='ltr'><strong><em>ἐπεψήφισεν</em></strong></span> <span class='ocrx_word' id='word_1_208' title='bbox 825 3209 856 3272; x_wconf 93' lang='grc' dir='ltr'><strong>ἐν</strong></span> <span class='ocrx_word' id='word_1_209' title='bbox 878 3218 918 3291; x_wconf 71' lang='grc' dir='ltr'><strong>τῇ</strong></span> <span class='ocrx_word' id='word_1_210' title='bbox 943 3210 969 3274; x_wconf 89' lang='grc' dir='ltr'><strong><em>ἐ.</em></strong></span> <span class='ocrx_word' id='word_1_211' title='bbox 1006 3212 1098 3296; x_wconf 68' lang='lat' dir='ltr'><strong>§tn</strong></span> <span class='ocrx_word' id='word_1_212' title='bbox 1120 3206 1331 3287; x_wconf 64' lang='lat' dir='ltr'><strong>internarium,</strong></span> <span class='ocrx_word' id='word_1_213' title='bbox 1355 3204 1499 3297; x_wconf 87' lang='lat' dir='ltr'><strong>postulat</strong></span> <span class='ocrx_word' id='word_1_214' title='bbox 1586 3200 1590 3206; x_wconf 69' lang='grc'>’</span> 
     </span>
     <span class='ocr_line' id='line_1_26' title="bbox 319 3313 1498 3401; baseline -0.003 -19"><span class='ocrx_word' id='word_1_215' title='bbox 319 3314 478 3383; x_wconf 83' lang='lat' dir='ltr'><strong>sententio</strong></span> <span class='ocrx_word' id='word_1_216' title='bbox 497 3313 709 3401; x_wconf 83' lang='grc' dir='ltr'><strong><em>ποιησαίμην.</em></strong></span> <span class='ocrx_word' id='word_1_217' title='bbox 742 3314 834 3401; x_wconf 55' lang='grc'><strong>890.</strong></span> <span class='ocrx_word' id='word_1_218' title='bbox 859 3315 890 3379; x_wconf 86' lang='grc' dir='ltr'><strong>ἐν</strong></span> <span class='ocrx_word' id='word_1_219' title='bbox 914 3313 1100 3399; x_wconf 68' lang='grc' dir='ltr'><strong><em>Ὀλυμπίᾳ,</em></strong></span> <span class='ocrx_word' id='word_1_220' title='bbox 1125 3313 1228 3379; x_wconf 86' lang='lat' dir='ltr'><strong>scribe</strong></span> <span class='ocrx_word' id='word_1_221' title='bbox 1251 3314 1440 3394; x_wconf 79' lang='grc' dir='ltr'><strong><em>Ὀλύμπια,</em></strong></span> <span class='ocrx_word' id='word_1_222' title='bbox 1461 3324 1498 3379; x_wconf 85' lang='lat' dir='ltr'><strong>nl</strong></span> 
     </span>
     <span class='ocr_line' id='line_1_27' title="bbox 318 3415 1499 3511; baseline -0.004 -24"><span class='ocrx_word' id='word_1_223' title='bbox 318 3427 408 3511; x_wconf 66' lang='lat'><strong>553.</strong></span> <span class='ocrx_word' id='word_1_224' title='bbox 454 3419 493 3485; x_wconf 90' lang='lat' dir='ltr'><strong>In</strong></span> <span class='ocrx_word' id='word_1_225' title='bbox 514 3426 531 3509; x_wconf 60' lang='grc' dir='ltr'><strong>ς</strong></span> <span class='ocrx_word' id='word_1_226' title='bbox 554 3425 607 3487; x_wconf 83' lang='grc'><strong>57.</strong></span> <span class='ocrx_word' id='word_1_227' title='bbox 629 3420 743 3510; x_wconf 83' lang='lat' dir='ltr'><strong>optimi</strong></span> <span class='ocrx_word' id='word_1_228' title='bbox 763 3418 902 3485; x_wconf 82' lang='lat' dir='ltr'><strong>Codices</strong></span> <span class='ocrx_word' id='word_1_229' title='bbox 918 3420 952 3486; x_wconf 89' lang='grc' dir='ltr'><strong>τί</strong></span> <span class='ocrx_word' id='word_1_230' title='bbox 967 3422 1167 3499; x_wconf 71' lang='grc' dir='ltr'><strong><em>άγανακτεῖρ</em></strong></span> <span class='ocrx_word' id='word_1_231' title='bbox 1188 3415 1293 3498; x_wconf 74' lang='grc' dir='ltr'><strong><em>ὦγαθὲ</em></strong></span> <span class='ocrx_word' id='word_1_232' title='bbox 1314 3418 1414 3496; x_wconf 83' lang='grc' dir='ltr'><strong><em>τίμονν</em></strong></span> <span class='ocrx_word' id='word_1_233' title='bbox 1434 3441 1499 3484; x_wconf 83' lang='grc' dir='ltr'><strong><em>πα·</em></strong></span> 
     </span>
     <span class='ocr_line' id='line_1_28' title="bbox 319 3522 1499 3613; baseline -0.004 -22"><span class='ocrx_word' id='word_1_234' title='bbox 319 3524 550 3609; x_wconf 84' lang='grc' dir='ltr'><strong><em>ρακθκρουσμαί</em></strong></span> <span class='ocrx_word' id='word_1_235' title='bbox 575 3550 622 3590; x_wconf 88' lang='grc' dir='ltr'><strong><em>σε.</em></strong></span> <span class='ocrx_word' id='word_1_236' title='bbox 670 3522 873 3591; x_wconf 80' lang='lat' dir='ltr'><strong>Oorreotores</strong></span> <span class='ocrx_word' id='word_1_237' title='bbox 895 3525 974 3589; x_wconf 86' lang='lat' dir='ltr'><strong>olim</strong></span> <span class='ocrx_word' id='word_1_238' title='bbox 993 3544 1053 3613; x_wconf 86' lang='lat' dir='ltr'><strong>pro</strong></span> <span class='ocrx_word' id='word_1_239' title='bbox 1074 3524 1173 3601; x_wconf 86' lang='grc' dir='ltr'><strong><em>τίμων</em></strong></span> <span class='ocrx_word' id='word_1_240' title='bbox 1193 3532 1405 3612; x_wconf 88' lang='lat' dir='ltr'><strong>reposuerunt</strong></span> <span class='ocrx_word' id='word_1_241' title='bbox 1424 3524 1499 3602; x_wconf 57' lang='grc' dir='ltr'><strong><em>θραε</em></strong></span> 
     </span>
     <span class='ocr_line' id='line_1_29' title="bbox 320 3623 1495 3705; baseline -0.007 -8"><span class='ocrx_word' id='word_1_242' title='bbox 320 3630 458 3703; x_wconf 81' lang='grc' dir='ltr'><strong><em>σθκλεις.</em></strong></span> <span class='ocrx_word' id='word_1_243' title='bbox 479 3628 541 3694; x_wconf 88' lang='lat' dir='ltr'><strong>boo</strong></span> <span class='ocrx_word' id='word_1_244' title='bbox 557 3652 637 3695; x_wconf 81' lang='lat' dir='ltr'><strong>vero.</strong></span> <span class='ocrx_word' id='word_1_245' title='bbox 648 3641 696 3695; x_wconf 88' lang='lat' dir='ltr'><strong>est</strong></span> <span class='ocrx_word' id='word_1_246' title='bbox 715 3629 900 3695; x_wconf 82' lang='lat' dir='ltr'><strong>emendaret</strong></span> <span class='ocrx_word' id='word_1_247' title='bbox 920 3628 1078 3695; x_wconf 74' lang='lat' dir='ltr'><strong>lunonrrz</strong></span> <span class='ocrx_word' id='word_1_248' title='bbox 1096 3626 1186 3692; x_wconf 88' lang='lat' dir='ltr'><strong>dedit</strong></span> <span class='ocrx_word' id='word_1_249' title='bbox 1204 3623 1325 3705; x_wconf 76' lang='grc' dir='ltr'><strong><em>άραθέ;</em></strong></span> <span class='ocrx_word' id='word_1_250' title='bbox 1338 3627 1391 3701; x_wconf 69' lang='grc' dir='ltr'><strong>τίς</strong></span> <span class='ocrx_word' id='word_1_251' title='bbox 1410 3631 1495 3704; x_wconf 76' lang='grc' dir='ltr'><strong><em>μῶν,</em></strong></span> 
     </span>
     <span class='ocr_line' id='line_1_30' title="bbox 317 3728 1496 3826; baseline -0.002 -27"><span class='ocrx_word' id='word_1_252' title='bbox 317 3734 405 3826; x_wconf 83' lang='lat' dir='ltr'><strong>qnod</strong></span> <span class='ocrx_word' id='word_1_253' title='bbox 423 3756 523 3823; x_wconf 88' lang='lat' dir='ltr'><strong>quum</strong></span> <span class='ocrx_word' id='word_1_254' title='bbox 540 3734 615 3800; x_wconf 88' lang='lat' dir='ltr'><strong>ferri</strong></span> <span class='ocrx_word' id='word_1_255' title='bbox 632 3738 823 3825; x_wconf 38' lang='lat' dir='ltr'><strong>uonbpo&#39;sset</strong></span> <span class='ocrx_word' id='word_1_256' title='bbox 840 3734 992 3801; x_wconf 79' lang='lat' dir='ltr'><strong>Dinuunr</strong></span> <span class='ocrx_word' id='word_1_257' title='bbox 1011 3744 1042 3800; x_wconf 86' lang='lat' dir='ltr'><strong>et</strong></span> <span class='ocrx_word' id='word_1_258' title='bbox 1059 3734 1199 3799; x_wconf 77' lang='lat' dir='ltr'><strong>Brnnrn</strong></span> <span class='ocrx_word' id='word_1_259' title='bbox 1217 3730 1267 3806; x_wconf 71' lang='grc' dir='ltr'><strong>τί,</strong></span> <span class='ocrx_word' id='word_1_260' title='bbox 1293 3728 1496 3810; x_wconf 78' lang='lat' dir='ltr'><strong>deleverunt.</strong></span> 
     </span>
     <span class='ocr_line' id='line_1_31' title="bbox 320 3836 1495 3929; baseline -0.008 -22"><span class='ocrx_word' id='word_1_261' title='bbox 320 3840 531 3929; x_wconf 76' lang='lat' dir='ltr'><strong>Transpositis</strong></span> <span class='ocrx_word' id='word_1_262' title='bbox 560 3839 692 3927; x_wconf 74' lang='lat' dir='ltr'><strong>syllabis</strong></span> <span class='ocrx_word' id='word_1_263' title='bbox 720 3862 794 3907; x_wconf 81' lang='lat' dir='ltr'><strong>rora</strong></span> <span class='ocrx_word' id='word_1_264' title='bbox 822 3838 921 3905; x_wconf 86' lang='lat' dir='ltr'><strong>leutio</strong></span> <span class='ocrx_word' id='word_1_265' title='bbox 949 3838 1100 3905; x_wconf 86' lang='lat' dir='ltr'><strong>emicabit</strong></span> <span class='ocrx_word' id='word_1_266' title='bbox 1129 3842 1194 3917; x_wconf 81' lang='grc' dir='ltr'><strong>μῶν</strong></span> <span class='ocrx_word' id='word_1_267' title='bbox 1224 3857 1254 3900; x_wconf 87' lang='grc' dir='ltr'><strong>τι</strong></span> <span class='ocrx_word' id='word_1_268' title='bbox 1282 3836 1495 3916; x_wconf 78' lang='grc' dir='ltr'><strong><em>παρακέκρου-</em></strong></span> 
     </span>
     <span class='ocr_line' id='line_1_32' title="bbox 316 3939 1399 4035; baseline -0.006 -24"><span class='ocrx_word' id='word_1_269' title='bbox 316 3946 400 4025; x_wconf 91' lang='grc' dir='ltr'><strong><em>σμαί</em></strong></span> <span class='ocrx_word' id='word_1_270' title='bbox 424 3968 478 4020; x_wconf 88' lang='grc' dir='ltr'><strong>σε;</strong></span> <span class='ocrx_word' id='word_1_271' title='bbox 505 3944 646 4035; x_wconf 88' lang='lat' dir='ltr'><strong>denique</strong></span> <span class='ocrx_word' id='word_1_272' title='bbox 665 3952 682 4034; x_wconf 84' lang='lat'>§</span> <span class='ocrx_word' id='word_1_273' title='bbox 702 3951 745 4013; x_wconf 89' lang='lat'><strong>58</strong></span> <span class='ocrx_word' id='word_1_274' title='bbox 764 3945 834 4034; x_wconf 78' lang='lat' dir='ltr'><strong>lege</strong></span> <span class='ocrx_word' id='word_1_275' title='bbox 853 3946 1043 4027; x_wconf 80' lang='grc' dir='ltr'><strong><em>ἐπιχαλαζῶ</em></strong></span> <span class='ocrx_word' id='word_1_276' title='bbox 1065 3946 1175 4014; x_wconf 78' lang='grc' dir='ltr'><strong><em>αὐτοῖς</em></strong></span> <span class='ocrx_word' id='word_1_277' title='bbox 1195 3964 1254 4031; x_wconf 90' lang='lat' dir='ltr'><strong>pro</strong></span> <span class='ocrx_word' id='word_1_278' title='bbox 1270 3939 1399 4011; x_wconf 80' lang='grc' dir='ltr'><strong><em>αὐτούς.</em></strong></span> 
     </span>
    </p>

    <p class='ocr_par' dir='ltr' id='par_1_4' title="bbox 361 4043 1493 4131">
     <span class='ocr_line' id='line_1_33' title="bbox 361 4043 1493 4131; baseline -0.008 -15"><span class='ocrx_word' id='word_1_279' title='bbox 361 4048 400 4116; x_wconf 89' lang='lat' dir='ltr'><strong>ln</strong></span> <span class='ocrx_word' id='word_1_280' title='bbox 430 4049 626 4117; x_wconf 75' lang='lat' dir='ltr'><strong>Prometheo</strong></span> <span class='ocrx_word' id='word_1_281' title='bbox 655 4076 682 4118; x_wconf 86' lang='lat' dir='ltr'><strong>s.</strong></span> <span class='ocrx_word' id='word_1_282' title='bbox 715 4050 868 4117; x_wconf 80' lang='lat' dir='ltr'><strong>Caucaso</strong></span> <span class='ocrx_word' id='word_1_283' title='bbox 897 4052 984 4131; x_wconf 83' lang='grc'><strong>7,1.</strong></span> <span class='ocrx_word' id='word_1_284' title='bbox 1016 4046 1221 4119; x_wconf 76' lang='grc' dir='ltr'><strong><em>ἐκπετασθεὶς</em></strong></span> <span class='ocrx_word' id='word_1_285' title='bbox 1241 4047 1283 4110; x_wconf 83' lang='grc' dir='ltr'><strong>τὼ</strong></span> <span class='ocrx_word' id='word_1_286' title='bbox 1308 4052 1413 4124; x_wconf 79' lang='grc' dir='ltr'><strong><em>χεῖρε,</em></strong></span> <span class='ocrx_word' id='word_1_287' title='bbox 1441 4043 1493 4114; x_wconf 73' lang='grc' dir='ltr'><strong><em>,εἰσ</em></strong></span> 
     </span>
    </p>
   </div>
   <div class='ocr_carea' id='block_1_3' title="bbox 230 4146 1531 4771">
    <p class='ocr_par' dir='ltr' id='par_1_5' title="bbox 230 4146 1531 4674">
     <span class='ocr_line' id='line_1_34' title="bbox 230 4146 1490 4240; baseline -0.008 -16"><span class='ocrx_word' id='word_1_288' title='bbox 230 4235 234 4240; x_wconf 35' lang='grc'><strong><em>,</em></strong></span> <span class='ocrx_word' id='word_1_289' title='bbox 315 4156 599 4235; x_wconf 56' lang='grc' dir='ltr'><strong>6666.Β.,666ί6σί</strong></span> <span class='ocrx_word' id='word_1_290' title='bbox 614 4146 813 4235; x_wconf 80' lang='grc' dir='ltr'><strong><em>ἐκπεταθείο,</em></strong></span> <span class='ocrx_word' id='word_1_291' title='bbox 839 4154 975 4223; x_wconf 84' lang='lat' dir='ltr'><strong>emenda</strong></span> <span class='ocrx_word' id='word_1_292' title='bbox 996 4151 1148 4223; x_wconf 81' lang='grc' dir='ltr'><strong><em>ἐκταθείς.</em></strong></span> <span class='ocrx_word' id='word_1_293' title='bbox 1173 4156 1192 4239; x_wconf 83' lang='lat'>§</span> <span class='ocrx_word' id='word_1_294' title='bbox 1214 4153 1266 4215; x_wconf 89' lang='grc'><strong>10.</strong></span> <span class='ocrx_word' id='word_1_295' title='bbox 1290 4150 1307 4226; x_wconf 89' lang='grc' dir='ltr'><strong><em>ή</em></strong></span> <span class='ocrx_word' id='word_1_296' title='bbox 1327 4148 1490 4223; x_wconf 77' lang='grc' dir='ltr'><strong><em>κονδύλους</em></strong></span> 
     </span>
     <span class='ocr_line' id='line_1_35' title="bbox 313 4250 1496 4348; baseline -0.008 -19"><span class='ocrx_word' id='word_1_297' title='bbox 313 4264 477 4345; x_wconf 77' lang='grc' dir='ltr'><strong><em>ἐνέτριψαν</em></strong></span> <span class='ocrx_word' id='word_1_298' title='bbox 507 4286 628 4331; x_wconf 87' lang='lat' dir='ltr'><strong>omnes.</strong></span> <span class='ocrx_word' id='word_1_299' title='bbox 662 4265 697 4329; x_wconf 89' lang='grc' dir='ltr'><strong>Β.</strong></span> <span class='ocrx_word' id='word_1_300' title='bbox 718 4263 804 4329; x_wconf 90' lang='lat' dir='ltr'><strong>solus</strong></span> <span class='ocrx_word' id='word_1_301' title='bbox 824 4261 1042 4343; x_wconf 84' lang='grc' dir='ltr'><strong><em>ἐνετρίψαντο,</em></strong></span> <span class='ocrx_word' id='word_1_302' title='bbox 1066 4256 1154 4348; x_wconf 88' lang='lat' dir='ltr'><strong>quod</strong></span> <span class='ocrx_word' id='word_1_303' title='bbox 1171 4256 1257 4323; x_wconf 89' lang='lat' dir='ltr'><strong>male</strong></span> <span class='ocrx_word' id='word_1_304' title='bbox 1278 4256 1319 4323; x_wconf 84' lang='lat' dir='ltr'><strong>ab</strong></span> <span class='ocrx_word' id='word_1_305' title='bbox 1340 4250 1496 4321; x_wconf 50' lang='lat' dir='ltr'><strong>omnibus*</strong></span> 
     </span>
     <span class='ocr_line' id='line_1_36' title="bbox 312 4358 1488 4459; baseline -0.009 -25"><span class='ocrx_word' id='word_1_306' title='bbox 312 4379 489 4459; x_wconf 84' lang='lat' dir='ltr'><strong>receptum.</strong></span> <span class='ocrx_word' id='word_1_307' title='bbox 536 4368 571 4434; x_wconf 89' lang='lat' dir='ltr'><strong>Si</strong></span> <span class='ocrx_word' id='word_1_308' title='bbox 600 4368 672 4459; x_wconf 89' lang='lat' dir='ltr'><strong>quis</strong></span> <span class='ocrx_word' id='word_1_309' title='bbox 693 4370 766 4459; x_wconf 59' lang='lat' dir='ltr'><strong>‘ipse</strong></span> <span class='ocrx_word' id='word_1_310' title='bbox 794 4369 848 4433; x_wconf 91' lang='lat' dir='ltr'><strong>oui</strong></span> <span class='ocrx_word' id='word_1_311' title='bbox 877 4367 1009 4458; x_wconf 60' lang='lat' dir='ltr'><strong>alapam,</strong></span> <span class='ocrx_word' id='word_1_312' title='bbox 1031 4362 1152 4451; x_wconf 81' lang='lat' dir='ltr'><strong>infligit</strong></span> <span class='ocrx_word' id='word_1_313' title='bbox 1178 4360 1327 4442; x_wconf 84' lang='grc' dir='ltr'><strong><em>ἐντρίβειν</em></strong></span> <span class='ocrx_word' id='word_1_314' title='bbox 1350 4358 1488 4438; x_wconf 85' lang='lat' dir='ltr'><strong>dieitur,</strong></span> 
     </span>
     <span class='ocr_line' id='line_1_37' title="bbox 312 4465 1531 4565; baseline -0.005 -25"><span class='ocrx_word' id='word_1_315' title='bbox 312 4475 368 4565; x_wconf 86' lang='lat' dir='ltr'><strong>qui</strong></span> <span class='ocrx_word' id='word_1_316' title='bbox 395 4475 495 4547; x_wconf 84' lang='lat' dir='ltr'><strong>aliurn</strong></span> <span class='ocrx_word' id='word_1_317' title='bbox 523 4476 626 4543; x_wconf 84' lang='lat' dir='ltr'><strong>irritat</strong></span> <span class='ocrx_word' id='word_1_318' title='bbox 654 4488 691 4541; x_wconf 95' lang='lat' dir='ltr'><strong>ut</strong></span> <span class='ocrx_word' id='word_1_319' title='bbox 719 4474 753 4541; x_wconf 88' lang='lat' dir='ltr'><strong>id</strong></span> <span class='ocrx_word' id='word_1_320' title='bbox 779 4475 878 4541; x_wconf 73' lang='lat' dir='ltr'><strong>&#39;faeiat</strong></span> <span class='ocrx_word' id='word_1_321' title='bbox 905 4472 1100 4556; x_wconf 80' lang='grc' dir='ltr'><strong><em>ἐντρίβεται,</em></strong></span> <span class='ocrx_word' id='word_1_322' title='bbox 1133 4480 1168 4535; x_wconf 92' lang='lat' dir='ltr'><strong>ut</strong></span> <span class='ocrx_word' id='word_1_323' title='bbox 1185 4468 1222 4534; x_wconf 86' lang='lat' dir='ltr'><strong>in</strong></span> <span class='ocrx_word' id='word_1_324' title='bbox 1242 4465 1487 4563; x_wconf 72' lang='lat' dir='ltr'><strong>Antsrorutrrls</strong></span> <span class='ocrx_word' id='word_1_325' title='bbox 1526 4556 1531 4563; x_wconf 30' lang='grc' dir='ltr'>Ι</span> 
     </span>
     <span class='ocr_line' id='line_1_38' title="bbox 313 4581 1407 4674; baseline -0.006 -22"><span class='ocrx_word' id='word_1_326' title='bbox 313 4581 577 4674; x_wconf 71' lang='grc' dir='ltr'><strong>Ερυίθίθυυ,5.</strong></span> <span class='ocrx_word' id='word_1_327' title='bbox 665 4634 707 4655; x_wconf 71' lang='grc'><strong>,-</strong></span> <span class='ocrx_word' id='word_1_328' title='bbox 808 4634 848 4641; x_wconf 90' lang='grc'><strong>..</strong></span> <span class='ocrx_word' id='word_1_329' title='bbox 906 4650 910 4661; x_wconf 67' lang='grc'><strong><em>,</em></strong></span> <span class='ocrx_word' id='word_1_330' title='bbox 1405 4585 1407 4588; x_wconf 79' lang='grc'><strong>’</strong></span> 
     </span>
    </p>

    <p class='ocr_par' dir='ltr' id='par_1_6' title="bbox 366 4678 1249 4771">
     <span class='ocr_line' id='line_1_39' title="bbox 366 4678 1249 4771; baseline -0.019 -10"><span class='ocrx_word' id='word_1_331' title='bbox 366 4714 369 4721; x_wconf 86' lang='grc'><strong><em>’</em></strong></span> <span class='ocrx_word' id='word_1_332' title='bbox 535 4686 673 4771; x_wconf 75' lang='grc' dir='ltr'><strong><em>πληγάς.</em></strong></span> <span class='ocrx_word' id='word_1_333' title='bbox 690 4684 742 4755; x_wconf 86' lang='grc' dir='ltr'><strong>άεί</strong></span> <span class='ocrx_word' id='word_1_334' title='bbox 764 4684 992 4770; x_wconf 78' lang='grc' dir='ltr'><strong><em>προστρίβεται</em></strong></span> <span class='ocrx_word' id='word_1_335' title='bbox 1013 4689 1078 4755; x_wconf 72' lang='grc' dir='ltr'><strong><em>τοῖς</em></strong></span> <span class='ocrx_word' id='word_1_336' title='bbox 1101 4678 1249 4751; x_wconf 79' lang='grc' dir='ltr'><strong><em>οίκέταις.</em></strong></span> 
     </span>
    </p>
   </div>
   <div class='ocr_carea' id='block_1_4' title="bbox 0 0 1888 5717">
    <p class='ocr_par' dir='ltr' id='par_1_7' title="bbox 0 0 1888 5717">
     <span class='ocr_line' id='line_1_40' title="bbox 0 0 1888 5717; baseline 0 4"><span class='ocrx_word' id='word_1_337' title='bbox 0 0 1888 5717; x_wconf 95' lang='lat' dir='ltr'><strong> </strong></span> 
     </span>
    </p>
   </div>
  </div>
 </body>
</html>
