3767 5717
854 601 919 667 317

297 791 422 866 nienses
448 807 484 863 ut
503 818 540 864 er
559 794 702 873 tenuisse
724 792 845 872 ἐεύξειν
865 794 910 859 sie
929 817 968 860 ex
988 795 1102 862 εἰκέναι
1125 795 1269 862 ἐκλύτου]
1288 795 1379 878 εέξειν
1398 797 1465 866 sur·

295 905 444 982 mebant,
468 903 561 970 utin
583 901 733 969 Nubibus
755 921 799 965 rs.
826 901 926 965 1001:

320 1017 404 1081 »τοῖς
426 1007 650 1088 Ἱπποκράτους
673 1005 767 1071 υ1ἐσιν
791 1004 882 1083 εἴξεις
907 1006 966 1071 καί
984 1031 1020 1072 σε
1044 1011 1175 1072 καλοῦσι
1194 1006 1442 1086 βλιτομάμμαν.

292 1109 326 1177 id
346 1123 413 1192 est,
432 1123 467 1176 ut
488 1109 636 1177 Graeculi
654 1108 888 1200 loquebantur,
904 1113 1005 1184 ἐοικὼς
1021 1110 1087 1194 ἐσμ.
1107 1133 1171 1178 nen
1190 1111 1320 1177 aliunde
1338 1111 1464 1191 εἵσομαι

292 1217 467 1284 formatum
496 1227 543 1283 est
569 1239 667 1307 quam
697 1225 744 1281 est
763 1215 902 1290 εἰδέναι,
936 1227 973 1280 ut
994 1215 1185 1297 κεκράξομαι
1207 1239 1244 1283 ex
1263 1215 1461 1298 κεκραγέναι.

294 1326 313 1409 §
337 1325 392 1389 86.
420 1323 714 1404 μεταμφιάσομαι,
741 1332 861 1386 veteres
879 1323 1128 1404 μεταμφιοῦμαι
1148 1333 1180 1386 et
1199 1322 1233 1386 in
1252 1321 1318 1386 fine
1337 1317 1463 1402 περιτύ·

292 1451 389 1508 σομαι
423 1449 462 1494 ex
484 1428 594 1517 inepta
621 1432 681 1491 τῶν
709 1427 834 1491 ἰδιωτῶν
864 1425 1007 1508 συνκύεύα
1028 1425 1150 1491 dietum
1171 1437 1218 1492 est
1237 1449 1296 1516 pro
1318 1426 1468 1502 em'tabo‚.

291 1531 379 1623 quud
403 1533 577 1598 ridiculum
598 1531 711 1599 vitium
732 1529 810 1596 reite
827 1530 998 1618 castigatur
1018 1534 1078 1608 76,
1095 1536 1116 1595 5
1137 1530 1238 1596 ἄλλον
1258 1532 1291 1596 δὲ
1310 1530 1461 1602 εἰπόντος·

291 1638 434 1720 περιέτκν
457 1635 782 1714 asseveraretur,
813 1636 994 1713 ύαυμοοςέν,
1024 1633 1108 1718 ἔφη,
1136 1637 1162 1700 ei
1187 1631 1231 1709 εἷς
1257 1635 1463 1716 irrerepsisset

290 1743 343 1808 τὸν
373 1741 446 1818 ἕνα,
477 1765 515 1808 er
545 1763 610 1833 quo
634 1739 781 1830 exemplo
809 1740 882 1804 satis
900 1750 1038 1829 apparet
1055 1739 1144 1805 illam
1162 1741 1312 1830 antiquae
1332 1739 1459 1828 linguae

291 1847 458 1912 sanitatem
488 1869 616 1938 prorsus
641 1845 795 1936 periisse:
811 1848 870 1923 22,
906 1848 947 1909 10
978 1846 1043 1928 σὺνΙ
1061 1845 1155 1910 οὐδενὶ
1182 1831 1306 1928 κόσμῳ,
1341 1855 1461 1912 veteres

291 1951 399 2018 ούδένα
426 1951 552 2031 κύσμον.
578 1959 596 2040 §
619 1955 660 2015 12
686 1949 850 2027 δεικνύειν,
875 1949 1020 2022 δεικνύω,
1045 1949 1145 2027 ύμνύω
1165 1961 1199 2013 et
1223 1950 1292 2016 sim.
1315 1952 1459 2040 sequiora

291 2067 413 2123 suntet
432 2058 492 2124 sub
511 2060 688 2123 Muranum
706 2065 843 2122 aetatem
864 2053 1135 2145 propullulnrunt.
1180 2054 1210 2122 N
1213 2066 1264 2121 ota
1286 2067 1359 2122 sunt
1380 2054 1461 2120 haee

292 2161 490 2234 Marinum:
522 2239 526 2246 ¹
558 2208 561 2213 <

491 2267 651 2350 stersisse,
675 2266 711 2334 σι’
732 2267 861 2343 κλύειςς
887 2267 987 2347 ὀμνύω
1011 2291 1057 2332 σοι
1080 2268 1132 2333 τὸν
1157 2267 1238 2343 Δία,

291 2383 324 2437 et
343 2370 377 2436 in
397 2372 595 2462 fragmento,
612 2372 699 2463 quod
720 2372 870 2462 equidem
888 2379 942 2438 τοῦ
958 2371 1099 2446 Κύλακος
1119 2395 1186 2440 esse
1201 2374 1358 2464 suspicor,
1375 2375 1459 2466 apud

292 2477 527 2545 Pnurnnenuu
551 2477 640 2546 Tom.
663 2477 706 2545 11.
729 2500 762 2567 p.
788 2481 863 2544 574.
890 2495 918 2543 c.
1458 2475 1461 2483 ’

719 2584 784 2656 πῶς
808 2584 843 2648 τὸ
866 2587 997 2668 τραῦμα
1020 2583 1106 2647 τοῦτ’
1130 2581 1233 2664 ἐχειςς

494 2687 702 2770 μεσαγκύλῳ.
726 2693 790 2759 πῶς
815 2688 889 2769 πρὸς
912 2687 1002 2761 desim
1028 2687 1079 2752 ἐπὶ
1103 2687 1250 2767 κλίμακα

491 2794 566 2874 πρὸς
589 2798 699 2871 τεῖχος
721 2790 912 2869 οέναβαύνων.
938 2791 999 2869 ἐγὼ
1023 2793 1081 2869 μὲν
1105 2791 1229 2856 δεικνύω
1292 2827 1297 2836 ·

491 2898 710 2971 ἐσπουδακώς,
735 2898 761 2961 οἱ
784 2897 815 2961 δέ
839 2895 938 2961 πάλιν
962 2899 1224 2978 ἐπεμυκτήρισαν.

293 3012 400 3066 narrat
433 3001 513 3066 haee
544 3002 612 3091 ipse
640 3000 758 3078 κόλαξ,
792 3001 807 3064 i
843 3003 1033 3082 Στρουθίας,
1069 3006 1160 3068 euius
1189 3002 1285 3068 rerba
1314 3004 1376 3082 ἐγὼ
1401 3003 1467 3079 μὲἸ

231 3133 242 3145 ·
291 3107 416 3171 δεικνύω
444 3106 640 3178 ἐσπουδακύς
667 3127 731 3171 non
755 3116 829 3170 sunt
847 3105 889 3170 ab
907 3105 1086 3198 interprete
1104 3108 1288 3186 intellecta,
1313 3107 1369 3198 qui
1391 3089 1462 3172 rei«

292 3212 345 3277 tir:
356 3219 492 3303 promte
510 3213 614 3276 simul
630 3211 769 3277 ostendo
785 3213 924 3276 uulnus:
943 3211 1022 3277 dicit
1040 3213 1178 3291 δείκνυμι
1200 3210 1245 3278 ύτι
1265 3213 1463 3284 ἐσπούδακα,

292 3323 417 3383 serzism
434 3318 560 3381 sedtum
577 3317 714 3382 ostendo
733 3319 823 3407 quasi
842 3317 891 3384 bis
913 3319 1061 3385 omnibus
1080 3319 1215 3385 habeam
1235 3319 1349 3397 fidem,
1374 3314 1466 3407 quod

292 3421 466 3488 adulatoris
485 3432 532 3485 est
551 3432 584 3485 et
606 3421 797 3487 dictumest
818 3432 854 3487 ut
874 3423 962 3500 δείξω
986 3424 1031 3489 ἔτι
1056 3426 1112 3506 ζῶν
1133 3423 1296 3490 notissimo
1315 3445 1384 3489 usu.
1414 3423 1462 3487 tux

292 3525 529 3615 antiquioribus
546 3524 606 3588 ista
628 3526 734 3589 omnia
755 3527 946 3592 removenda
967 3539 1042 3593 sunt
1060 3529 1184 3593 inrecta
1205 3553 1222 3594 a
1241 3531 1316 3594 seris
1335 3527 1462 3616 nepoti-

292 3632 362 3697 bus.
407 3628 576 3696 caeterum
604 3628 758 3696 debuerat
782 3631 939 3698 scriberet
970 3631 1016 3708 sin
1044 3633 1134 3711 μόνον
1160 3632 1237 3710 ἄξια
1260 3638 1315 3698 τοῦ
1337 3631 1463 3712 ύεοὶποου

293 3736 535 3814 ἐπιδείκνυσθαι,
558 3735 644 3802 maie
663 3737 819 3827 interpres
839 3739 945 3828 dz'gm
966 3739 1117 3813 theatro,
1140 3737 1235 3802 etiarn
1257 3736 1310 3802 hie
1328 3736 1363 3800 τὸ
1390 3734 1464 3798 teot-

291 3867 360 3925 τρον
391 3840 522 3933 ponitur
549 3863 608 3930 pro
628 3843 654 3907 oi
676 3840 797 3907 ύεαταύ.
846 3841 884 3907 ln
908 3847 968 3916 23,
993 3846 1013 3908 2
1036 3843 1145 3932 paucis
1166 3841 1269 3908 verbis
1289 3837 1462 3906 interiectis

292 3948 508 4014 ἐπαινέσονται
543 3956 576 4011 et
606 3945 802 4012 ἐπαινέσουσι
833 3948 948 4037 posuit.
1005 3945 1043 4012 ln
1073 3969 1111 4012 eo
1144 3969 1203 4011 usu
1236 3946 1337 4011 futuri
1364 3941 1463 4008 medii

293 4052 469 4118 identidem
498 4049 625 4143 longius
653 4075 671 4117 a
704 4053 863 4119 veteribus
893 4052 1070 4118 discedunt.
1097 4051 1184 4142 'Iam
1207 4064 1331 4118 mature
1348 4071 1464 4140 eoepe-

292 4169 369 4224 runt
395 4156 547 4222 ἐπαινέσω
576 4157 682 4224 disere
702 4169 734 4223 et
754 4158 942 4237 ἐγκωμιύσω
963 4170 995 4225 et
1013 4158 1156 4237 οὶννούσω
1181 4169 1213 4224 et
1237 4155 1409 4223 οὶπολαύσω
1430 4167 1462 4220 et

289 4263 374 4342 alia,
407 4261 536 4328 tandem
567 4286 607 4330 eo
636 4273 767 4330 rentum
789 4275 855 4343 est,
883 4276 920 4329 ut
943 4263 1073 4342 νελύσω
1095 4274 1127 4327 et
1146 4261 1266 4329 οὶκούσω
1290 4261 1460 4327 diceretur.

292 4369 481 4435 Videbimus
508 4368 541 4434 in
567 4381 706 4435 extrema
729 4380 819 4459 parte
844 4369 1026 4447 hominem,
1049 4369 1106 4457 qui
1125 4368 1294 4446 διαβαδιῶν
1313 4387 1373 4456 pro
1394 4367 1460 4430 δια-

291 4473 495 4554 βαδιούμενος
514 4477 620 4566 potuit
639 4473 787 4540 seribere.
822 4473 937 4539 Alieno
959 4474 1035 4540 ritio
1060 4473 1245 4562 inquinatus
1267 4483 1314 4536 est
1334 4469 1459 4534 Lucla·

294 4581 496 4658 russeus,
518 4577 632 4655 ἄδηλον
651 4577 761 4644 ύπύσον
782 4578 891 4660 χρόνον
911 4579 1054 4656 βιώσεις,
1081 4577 1138 4642 ubi
1158 4577 1265 4653 βιώσει
1285 4573 1460 4640 emendnn-
1567 4609 1571 4616 ·

287 4683 377 4748 dum.
422 4681 461 4748 ln
481 4689 540 4764 21,
564 4689 584 4750 2
604 4685 650 4754 ἐτι
670 4685 701 4750 δὲ
724 4687 757 4750 ού
779 4685 860 4750 πολὺ
884 4683 1022 4748 siniret]
1048 4681 1190 4746 Διπύλου
1212 4681 1242 4744 ἐν
1264 4682 1392 4761 &pressit
1414 4683 1457 4751 εἰς
