3767 5717
1008 623 1049 684 68

425 797 575 866 Graeculi
587 795 726 878 ίττοιμοιι
739 805 771 864 et
782 794 890 871 ἔστην.
915 793 1004 863 Uale
1023 800 1072 861 est
1092 794 1232 873 διιτετῆ,
1253 793 1336 880 quod
1361 798 1527 882 sequitur,
1548 799 1611 866 uisi

424 923 443 970 e
466 903 594 990 postis?
619 904 652 969 in
672 921 734 989 quo
758 901 880 967 Rhetor
900 900 1018 966 iterum
1040 899 1184 986 peccavit
1206 899 1290 986 quoti
1310 908 1436 968 vetusto
1459 904 1612 970 vocabulo

423 1007 551 1075 affinxit
573 1007 614 1074 de
633 1027 692 1074 suo
714 1005 982 1092 significationem
1006 1025 1104 1091 quam
1137 1003 1253 1070 voluit:
1286 1006 1425 1084 διιτετης
1445 1016 1493 1075 est
1516 1009 1548 1076 ei
1571 1011 1611 1076 ab

424 1114 498 1180 Ioue
522 1114 646 1180 ικίιενε.
671 1110 748 1200 §lt
783 1111 907 1179 utiliter
936 1110 1102 1178 notabitur
1130 1110 1309 1196 scripturae
1336 1110 1552 1198 discrepantia
1575 1115 1610 1180 in

424 1218 624 1302 ἐξηγειρόμην
646 1225 679 1284 et
700 1217 907 1299 διηγειρίροην.
941 1216 990 1281 ·Iu
1011 1214 1122 1284 mullis
1143 1214 1308 1282 codicibus
1332 1225 1442 1282 utrum
1464 1219 1491 1284 δι
1510 1239 1549 1286 au
1574 1219 1611 1297 εξ

424 1325 584 1410 scriptum
604 1323 647 1389 sit
668 1321 771 1390 oculis
794 1321 934 1390 discerni
955 1339 1018 1391 nou
1040 1327 1155 1406 potest.
1191 1319 1251 1400 Qui
1273 1320 1419 1388 codicum
1440 1324 1610 1411 inspicien-

424 1428 539 1495 dorum
563 1427 748 1496 facultatem
774 1447 838 1495 arou
863 1425 1003 1504 habent,
1027 1426 1162 1495 Bisuuu
1185 1427 1359 1512 inspiciant
1384 1429 1416 1494 iu
1442 1429 1609 1498 Commeat.

423 1533 590 1621 Ροίοοορι.
614 1553 686 1619 pag.
705 1538 780 1601 711.
828 1532 888 1598 Via
912 1529 1026 1601 credas
1049 1531 1113 1599 uisi
1137 1529 1169 1596 id
1193 1549 1250 1616 per
1272 1530 1392 1598 multos
1414 1553 1514 1599 anuos
1538 1535 1609 1602 dili·

420 1646 537 1724 genter
559 1636 778 1704 observaveris
804 1656 904 1724 quam
926 1655 1022 1722 saepe
1050 1635 1084 1700 iu
1109 1636 1294 1721 compositis
1315 1637 1343 1704 u
1369 1646 1401 1703 et
1420 1637 1456 1715 εξ
1476 1639 1608 1708 confusa

419 1744 459 1808 ia
484 1743 577 1810 libris
607 1743 727 1811 nostris
753 1736 889 1808 lectores
921 1742 1029 1809 minus
1053 1748 1165 1808 acutos
1183 1747 1217 1806 et
1240 1743 1423 1826 suspicaces
1444 1744 1608 1814 ludificen-

423 1854 490 1914 tur.
536 1848 584 1914 lle
606 1847 775 1934 permultis
796 1845 894 1924 locis,
918 1845 973 1911 ubi
995 1844 1081 1911 hunc
1104 1863 1246 1910 errorem
1266 1844 1481 1932 deprehendi,
1506 1871 1608 1921 uuum

423 1971 512 2019 nuuc
545 1951 692 2019 iudicabo
722 1971 741 2018 e
769 1951 864 2021 Lusis
894 1951 927 2016 iu
956 1949 1074 2018 eximia
1109 1951 1252 2017 oratioue
1286 1953 1387 2020 κοιτᾶι-
1401 1958 1606 2035 Διογείτονος.

425 2057 450 2148 §
467 2063 520 2126 14.
545 2060 577 2126 ἐν
596 2058 660 2141 γὰρ
676 2067 716 2142 τῇ
727 2058 882 2132 διοικίσει,
907 2053 952 2122 ὅτ’
974 2057 1010 2122 ἐκ
1021 2061 1180 2122 Κολλυτοῦ
1193 2055 1345 2139 διῳκίζετο
1356 2061 1399 2133 είς
1411 2063 1466 2136 την
1480 2065 1607 2146 Φοιιῒρου

422 2164 530 2232 οἰκίον.
576 2164 745 2251 Leguntur
763 2162 843 2233 haec
865 2162 937 2233 sine
957 2160 1022 2228 ulla
1042 2162 1113 2228 vitii
1133 2162 1324 2249 suspicione.
1373 2165 1424 2232 At*
1437 2186 1530 2233 nemo
1555 2189 1608 2236 ue·

423 2271 486 2336 scit
513 2269 592 2355 quid
622 2270 664 2336 sit
692 2267 863 2350 διοικίζειν,
893 2267 1075 2353 oppositum
1108 2265 1205 2334 verbo
1232 2268 1425 2350 συνοικίζειν,
1453 2279 1527 2338 nota
1554 2294 1607 2340 ars

400 2393 559 2452 ¹eorum,
588 2375 643 2460 qui
677 2374 843 2440 civitatem
864 2372 948 2440 bello
970 2373 1088 2441 victam
1112 2380 1144 2438 et
1167 2371 1333 2442 subactam
1358 2395 1414 2461 per
1443 2377 1530 2444 vicos
1562 2377 1608 2444 di-

423 2486 598 2567 spergunt,
621 2497 663 2546 uc
685 2479 771 2548 uires
800 2477 997 2545 coalescant:
1021 2484 1189 2544 natusest
1213 2478 1380 2559 διοικισμὸρ
1403 2483 1604 2562 Μαντινέων,

424 2585 481 2672 qui
501 2584 700 2668 διῳκίσίησοιν
725 2591 889 2666 τετραχῇ,
913 2583 1049 2648 qucuu.
1062 2581 1148 2648 Hetl.
1166 2583 1203 2648 V.
1228 2605 1261 2648 u.
1288 2589 1323 2661 7,
1347 2586 1379 2650 iu
1401 2605 1464 2671 qua
1486 2588 1554 2675 ipsa
1570 2609 1606 2658 re

421 2689 509 2761 idem
522 2688 655 2755 verbum
670 2689 785 2754 tritum
794 2695 862 2764 est,
879 2687 964 2756 unde
977 2690 1065 2757 iocus
1077 2689 1226 2766 Pissours
1239 2690 1271 2758 in
1285 2690 1427 2777 Spmpm.
1441 2712 1471 2778 p.
1484 2698 1558 2762 195.
1567 2695 1604 2762 Α.

422 2795 509 2864 Nihil
540 2794 629 2866 aliud
649 2793 798 2879 διοικίζειν
817 2793 998 2880 significat,
1012 2793 1102 2869 ,nibil
1120 2793 1209 2864 aliud
1232 2815 1289 2883 per
1306 2804 1455 2864 naturam
1477 2798 1606 2887 liuguae

423 2901 606 2986 significare
629 2907 744 2987 potest.
790 2897 930 2985 Miprore
960 2900 993 2964 in
1015 2900 1096 2966 alias
1118 2899 1212 2967 aedes
1242 2901 1364 2970 dicitur
1385 2901 1604 2986 ἐξοικίζεσθαι,

423 3005 510 3073 unde
528 3005 694 3083 ἐξοίκισις,
712 3011 750 3070 ut
771 3003 806 3068 iu
830 3002 913 3071 Pace
935 3023 983 3070 vs.
1004 3006 1080 3073 203.

650 3107 835 3191 ἐξῳκίσαντο
856 3107 883 3172 δ’
906 3109 933 3173 οἱ
957 3107 1015 3174 θεοὶ
1038 3108 1118 3182 τίνος
1141 3107 1269 3187 οἱίνεκοος
1340 3164 1343 3174 .

422 3220 630 3299 opponuntur
656 3212 752 3281 inter
772 3232 806 3282 se
828 3210 1015 3294 ἐξιικίζομοι
1037 3222 1070 3282 et
1101 3216 1302 3298 είσοικίζομοιι
1328 3219 1421 3286 utin
1446 3222 1606 3290 Ausonius

426 3317 454 3382 T
451 3316 609 3385 imoreleo
624 3317 656 3406 §
683 3322 758 3385 124.
781 3317 837 3383 ἔδον
860 3318 886 3383 δ’
910 3319 953 3392 είς
984 3315 1015 3384 ἓν
1034 3319 1149 3388 τούτων
1169 3329 1228 3388 τῶν
1246 3324 1299 3390 ἔτι
1319 3332 1391 3399 τοῖς
1407 3327 1489 3402 ὁδοῖς
1513 3330 1606 3410 ἔργον·

421 3424 530 3506 ςηρίοον
552 3422 655 3505 laepia
677 3424 879 3509 είσοικίσητοοι
907 3424 1039 3505 teroem
1063 3435 1230 3506 κοιλεῖτοιι,
1253 3429 1308 3495 aar
1331 3431 1356 3498 δ’
1380 3431 1394 3496 ὃ
1417 3433 1475 3510 μὲν
1497 3431 1605 3510 ἐξοικί·

421 3553 539 3607 σητοιι,
560 3530 604 3603 είς
621 3529 654 3594 δὲ
675 3530 710 3593 τὸ
732 3527 812 3597 οὐτὸ
830 3532 922 3599 τοῦτο
945 3530 1123 3614 ἐρνκςνίριον
1134 3535 1278 3614 χαλκεὺς
1299 3536 1497 3611 είσοικίσητιιι
1517 3554 1605 3619 χειλ-

419 3635 658 3712 monoceroton,
688 3631 743 3701 ubi
767 3633 901 3706 codices·
920 3654 1032 3702 omues
1054 3635 1206 3706 barbaras
1229 3637 1348 3708 senuas
1376 3641 1453 3708 dant
1475 3644 1604 3722 είσοικη·

418 3764 514 3820 οηιοι
537 3748 570 3809 et
592 3739 807 3819 ἐξοικήσητοι,
831 3758 912 3826 quas
932 3742 1067 3809 moetas
1091 3741 1381 3840 secitSrurnuuum
1407 3767 1520 3834 nempe
1543 3751 1623 3837 εἰσ-ι

417 3848 590 3915 οικίσοσθοιι
614 3845 736 3912 dieitur
766 3846 823 3933 qui
856 3847 925 3933 ipse
948 3846 1036 3912 ultro
1059 3848 1092 3913 in
1117 3849 1241 3935 aliquas
1268 3850 1361 3920 aedes
1384 3853 1605 3940 immigravit,

419 3953 654 4028 είσοικισίηνοιι,
685 3952 741 4037 qui
769 3951 809 4018 ab
830 3951 895 4018 alio
923 3953 958 4018 in
986 3951 1127 4038 aliquam
1160 3974 1274 4022 novam
1306 3957 1414 4025 sedern
1446 3958 1604 4028 deductus

420 4066 487 4136 est,
509 4077 572 4144 quo
590 4056 674 4124 lacto
695 4064 831 4142 uterque
845 4058 968 4124 ἐνοικεῖν
988 4055 1119 4124 dicitur.
1167 4058 1349 4130 lieddaums
1369 4065 1471 4151 igitur
1490 4085 1602 4134 censeo

419 4162 532 4230 Lusius
553 4160 695 4239 ἐξοικίσει
718 4168 751 4226 el
770 4160 930 4245 ἐξορκίζετο
954 4170 989 4227 et
1010 4161 1042 4228 iu
1067 4162 1257 4232 Auctuuucuc
1279 4168 1495 4252 διηγειρίροην,
1519 4169 1603 4258 quod

418 4268 515 4334 nauci
538 4286 602 4334 nou
634 4274 704 4344 est,
735 4266 945 4344 abiiciamus,
980 4266 1134 4334 latentem
1167 4270 1200 4336 iu
1231 4271 1433 4358 ἐξηγειρόμην
1461 4287 1603 4346 veterem

417 4373 530 4442 acuisti
552 4371 712 4449 formam,
737 4371 903 4440 Graeculis
916 4371 1124 4452 ‘inauditam
1147 4373 1320 4460 ἐξηγρόμην
1342 4383 1375 4445 in
1396 4381 1501 4448 lucem
1515 4401 1602 4448 revo-

416 4479 572 4548 cabimus.
618 4479 763 4564 Denique
791 4479 825 4543 iu
860 4475 927 4565 §5
959 4497 1017 4563 pro
1038 4475 1070 4545 οἷ
1087 4479 1173 4564 Φέρει
1201 4485 1237 4549 τὸ
1260 4484 1329 4568 ὅνορ
1353 4488 1551 4573 reposuerim
1575 4481 1606 4550 οἶ

417 4584 502 4665 ῥέπει
520 4594 551 4652 et
570 4582 769 4665 οὶληίίζεσίιιι
801 4583 920 4650 aoristo
946 4577 1153 4670 οίληίίσοοσίοιι
1185 4594 1432 4677 anteposuerim.
1481 4591 1600 4661 Μέλλει
