3767 5717
982 616 1048 679 284
1144 641 1146 646 ·

472 810 509 877 In
531 811 727 876 Prometheo
748 810 779 889 7,
801 812 829 874 7.
853 809 886 873 in
906 809 976 874 aliis
997 821 1044 874 cst
1065 805 1207 892 ὀψόμεθα
1223 809 1328 892 μικρόν
1347 807 1463 890 ύςερον,
1486 808 1520 873 In
1542 833 1604 876 an·

425 916 604 1006 tiquissimo
633 920 667 982 B.
696 915 859 994 εἰσόμεθα,
879 913 980 1005 ,qnod
1006 911 1186 1006 receptum
1202 928 1258 982 est.
1309 915 1406 980 Affini
1432 937 1536 982 errore
1566 918 1603 982 in

429 1020 589 1109 Dialogis
609 1021 823 1086 Mortuerum
845 1024 904 1100 10,
924 1025 986 1100 23,
1008 1026 1039 1087 3.
1061 1027 1124 1094 πῶς
1142 1022 1173 1086 δὲ
1193 1020 1319 1096 κάκείνν
1337 1021 1529 1101 προσὴοεταί
1547 1045 1602 1098 σες

428 1148 499 1215 pars
530 1125 688 1191 Codicum
716 1125 908 1205 προσόψεται
938 1125 1094 1192 ενίιίίνεῑΓ
1124 1126 1209 1191 HInc
1236 1127 1420 1193 Hnnonoro
1443 1125 1604 1192 subveniri

428 1243 533 1321 potest
562 1234 700 1321 graviter
728 1231 890 1295 laboranti
919 1231 974 1298 IV.
999 1235 1072 1298 119.
1098 1231 1132 1308 ἡν
1155 1231 1259 1311 μέντοι
1288 1231 1358 1314 ε’πίμ
1382 1231 1435 1295 καί
1461 1234 1513 1297 ’ἐπὶ
1546 1235 1603 1309 τὴν

335 1404 339 1411 ,
428 1336 579 1417 ἡμετέραν
600 1336 677 1418 ἀρξὴ
693 1360 730 1400 τε
751 1336 878 1411 ἀδικέων
899 1337 952 1400 καὶ
974 1340 1067 1416 ἡμεῖς
1085 1340 1117 1401 ού
1138 1336 1326 1416 πεισόμεθα,
1354 1325 1505 1424 scriplum
1525 1337 1604 1402 olim

431 1442 527 1504 fnisse
544 1454 624 1530 puto
646 1442 678 1505 ού
695 1423 862 1520 ἀοψύμεθα
880 1438 914 1505 id
932 1453 979 1506 est
996 1444 1029 1506 ού
1049 1440 1271 1522 περιοψόμεθα,
1291 1452 1323 1504 et
1346 1439 1426 1504 nihil
1448 1444 1603 1531 supererit
1643 1477 1651 1494 ι

430 1546 637 1611 difficultatis.
1036 1549 1039 1559 ’
1097 1551 1102 1560 ’
1196 1601 1199 1606 .
1282 1549 1285 1556 ’

475 1650 514 1715 In
543 1647 696 1716 Cicerone
719 1653 824 1728 12,‚9.
856 1653 1106 1718 ε’λασείοντιὲπὶ
1131 1651 1248 1717 Λυδίαν
1271 1649 1381 1731 ἔοικεν,
1402 1652 1540 1741 optimus
1562 1654 1602 1722 Α.

427 1755 511 1819 male
533 1753 676 1818 ἐλάσοντι
699 1752 803 1834 dedit,
833 1763 898 1820 non
918 1756 1116 1848 infrequenti
1135 1763 1259 1835 errore,
1289 1757 1379 1821 utin
1403 1756 1604 1826 Tnucrolnn

429 1858 517 1924 VIII.
539 1863 593 1926 89.
624 1870 671 1923 est
701 1860 905 1938 ἀταλλάξειν
935 1863 1266 1951 proviniensium,
1303 1863 1389 1952 quod
1415 1864 1559 1952 perlucet
1585 1889 1604 1931 e

429 1963 535 2030 verbis
550 1962 747 2048 Scholiastae
765 1967 1017 2040 ἀπαλλακτικῶς
1035 1967 1130 2048 ἔχειν.
1157 1966 1219 2032 vid.
1232 1967 1343 2034 'Piens
1363 1967 1401 2032 ad
1421 1967 1605 2036 Mnnnlnnn

428 2097 459 2162 p.
486 2075 544 2150 14„
581 2069 669 2137 Illud
693 2071 798 2162 ipsum
821 2072 952 2138 verbum
973 2073 1189 2138 xirornorn
1214 2071 1415 2138 reddendum
1440 2097 1505 2138 esse
1526 2097 1605 2162 cen·

429 2199 482 2242 seo
501 2177 535 2242 In
553 2179 718 2244 Anabosi.
735 2177 804 2243 VII.
827 2197 849 2244 1.
871 2181 903 2244 4.
928 2180 1067 2260 Ξενοφῶν
1094 2178 1125 2241 δὲ
1150 2173 1236 2243 εἶπεν
1263 2179 1347 2258 αύτῷ
1373 2177 1418 2242 ότι
1447 2181 1603 2246 ἀπαλλά-

426 2283 508 2359 ξατο
537 2282 591 2357 ἡδκ
617 2284 680 2348 ἀπὸ
707 2291 763 2357 τῆς
790 2285 920 2364 τρατιάς
947 2282 999 2346 καί
1027 2283 1171 2366 βούλοιτο
1197 2284 1371 2356 ἀποπλεῖν,
1404 2282 1475 2372 lege
1494 2286 1601 2350 ἀπαλ-

426 2387 547 2465 λαξείοι
572 2411 608 2451 τε
633 2387 687 2460 ἤδη
711 2386 777 2450 uri.
1313 2473 1321 2490 θ

473 2491 513 2558 Ιη
532 2491 743 2558 Hermotimo
763 2493 826 2568 20,
851 2492 904 2554 76.
921 2489 993 2560 ’τάς
1020 2490 1076 2566 μὲν
1102 2490 1164 2570 γάρ
1191 2489 1378 2570 ὑποσχέσεις
1405 2493 1506 2558 ἀκούω
1530 2496 1604 2560 θαυ-

430 2597 539 2675 ματάς
563 2621 668 2673 τινας,
691 2594 786 2672 ἡλίκα
807 2595 1077 2673 εὐδαιμονήσουσιν
1102 2597 1127 2659 οῖ
1150 2595 1180 2665 ἐς
1199 2596 1233 2658 τὸ
1251 2595 1421 2676 ἀκρότατον
1446 2599 1601 2688 ἐλθόντες,

430 2703 590 2768 verissima
612 2713 659 2766 est
681 2701 825 2768 Gnanvn
844 2698 1026 2764 emendatio
1049 2699 1144 2774 ἡλίκα
1164 2721 1222 2788 pro
1243 2699 1350 2776 ἡνίκα,
1378 2702 1463 2790 quod
1488 2726 1606 2793 quarn-

430 2832 526 2899 quem
555 2830 650 2872 sensu
680 2829 813 2871 vacuum
842 2816 889 2870 est
916 2816 1023 2882 tamen
1050 2826 1158 2868 ornnes
1180 2803 1277 2869 libros
1300 2805 1432 2872 obsidet.
1480 2797 1613 2876 Eadem*

429 2913 517 2980 labes
536 2911 768 2978 Dnnosrnnnrs
789 2912 899 2977 locum
917 2909 1030 2975 iniecit
1048 2909 1089 2974 de
1109 2908 1150 2974 F.
1170 2908 1209 2974 L.
1228 2933 1260 2998 p.
1283 2913 1359 2988 387,
1382 2909 1433 2978 16.
1458 2918 1512 2980 οὐκ
1534 2915 1601 2980 ἐδύ-

428 3019 520 3082 νασθε
551 3022 653 3088 κακῶς
682 3017 772 3091 ἡνίκα
801 3016 970 3093 ἐβούλεσθε
996 3021 1092 3078 ποιεῖν
1122 3015 1251 3086 ἐκεῖνον,
1288 3014 1344 3078 ubi
1364 3017 1459 3092 ἡλίκα
1489 3019 1602 3108 legen.

431 3123 526 3199 dnm,
551 3120 639 3209 quod
660 3121 804 3209 egregius
823 3121 1010 3186 Parisinus
1031 3117 1052 3182 S
1074 3118 1189 3184 frustra
1211 3119 1348 3204 obtulit,
1372 3134 1405 3186 et
1428 3124 1477 3188 vel
1497 3125 1602 3192 inritis

428 3225 517 3291 libris
542 3225 691 3291 omnibus
715 3236 783 3289 erat
806 3224 1048 3290 restituendum.
1079 3237 1082 3245 '
1121 3237 1124 3244 ⁴

436 3393 441 3405 ,
476 3329 514 3394 ln
544 3335 603 3407 25,
629 3334 680 3398 28.
709 3342 794 3396 recte
821 3331 928 3396 editur
959 3331 1028 3410 ὁρῶν
1058 3329 1242 3410 Μαλχίωνα
1267 3333 1318 3398 τὸν
1345 3315 1438 3414 Σύρον
1465 3330 1597 3412 σαύρους

432 3435 652 3515 παμμεγέθεις
678 3435 782 3511 ἀξίους
804 3436 989 3515 ὠνούμενον,
1017 3432 1101 3526 'bene
1123 3445 1154 3498 et
1174 3435 1331 3502 Ἀττικιςί
1351 3436 1457 3524 posuit
1479 3435 1602 3500 Lucu·

430 3562 492 3608 nus
521 3541 627 3619 ἀξίους
656 3563 715 3629 pro
742 3543 884 3615 εὐώνους,
920 3552 956 3605 ut
983 3540 1067 3630 apud
1094 3540 1223 3606 Veteres
1247 3553 1427 3606 constanter
1447 3542 1546 3620 τίμιος
1570 3554 1601 3606 et

429 3648 514 3726 ἀξιος
544 3647 709 3722 deserum
731 3647 840 3736 preliis
866 3659 1081 3736 opponuntur.
1129 3647 1280 3714 Graeculi
1300 3647 1378 3737 quid
1398 3660 1478 3714 esset
1497 3647 1602 3724 ἀξίους

433 3777 498 3819 non
517 3755 589 3819 satis
608 3754 793 3844 capiebant:
824 3754 933 3843 itaque
959 3754 1071 3822 rodere
1096 3753 1178 3820 hanc
1200 3755 1387 3850 scripturam
1409 3767 1440 3820 et
1461 3754 1603 3843 interpo-

433 3861 500 3925 lare
533 3871 726 3949 coeperunt,
760 3859 876 3939 siolide
903 3871 938 3924 ut
971 3861 1086 3926 omnia.
1115 3860 1277 3926 'Eradunt
1306 3887 1320 3933 ς
1351 3874 1385 3926 ut
1412 3861 1499 3938 ἀξίου
1523 3872 1603 3926 esset

434 3970 498 4032 uili
515 3970 649 4056 pretio,
679 3988 780 4054 eaque
808 3978 854 4030 est
881 3966 977 4032 leelio
1004 3968 1037 4056 in
1060 3965 1164 4032 codd.
1185 3965 1212 4031 G
1231 3966 1259 4030 D
1280 3967 1323 4045 Ε,
1354 3966 1471 4032 caeteri
1499 3966 1604 4043 ἀξίους

433 4084 607 4138 servarunt.
640 4071 744 4136 Multo
767 4073 861 4138 etiarn
883 4073 973 4163 peius
995 4074 1026 4138 in
1048 4072 1144 4137 simili
1164 4096 1198 4137 re
1222 4072 1274 4136 isn
1294 4073 1477 4138 mulcarnnt
1496 4072 1603 4137 locum

432 4178 466 4242 in
496 4177 578 4242 libro
615 4179 656 4242 de
681 4202 864 4268 puerorum
893 4180 1087 4244 educatione
1120 4179 1152 4241 In
1185 4176 1383 4244 Pennancnr
1414 4178 1604 4243 Moralibus

433 4309 466 4374 p.
488 4289 554 4349 50.
585 4281 690 4362 Sunt,
713 4283 836 4372 inquit,
860 4288 921 4372 qui
939 4283 1113 4348 adullerie
1135 4291 1167 4344 ei
1188 4283 1359 4348 libidinem
1383 4292 1488 4349 morte
1505 4306 1606 4346 uenu-

355 4445 362 4454 .
432 4391 494 4460 lem
522 4397 713 4479 appetent„
736 4388 901 4469 ψιλοοόψιρ
937 4389 968 4453 δὲ
1008 4388 1215 4466 ὁμιλὴσαντες
1250 4383 1330 4453 οὗτοι
1365 4391 1397 4454 ού
1431 4398 1496 4462 τοῖς
1530 4387 1605 4461 ίσοις
1643 4449 1645 4454 .

437 4495 519 4584 (Iege
539 4497 573 4558 ού
595 4492 854 4579 τοιούτοιςίσως)
886 4492 1074 4572 πράρνμασιν
1098 4493 1226 4565 ἑαυτοὺς
1252 4493 1290 4558 ἀν
1314 4496 1516 4566 καταπειθεῖς
1542 4518 1608 4568 πα-1

437 4603 600 4682 ρέσχοντο,
626 4599 678 4666 καί
709 4597 745 4665 τό
770 4623 809 4676 νε
839 4597 1065 4678 παροίγρελμα
1093 4605 1147 4663 τοῦ
1169 4597 1340 4688 ΙΔιογένους
1373 4599 1484 4679 ἔμαθον
1508 4598 1549 4665 ἀν
1574 4597 1606 4671 ὃς

437 4711 589 4787 φορτικῶς
610 4705 667 4783 μὲν
690 4711 754 4776 τοῖς
773 4703 906 4785 ρ’ἡμασιν
922 4704 1042 4779 ἀληθεῖς
1065 4705 1095 4769 δὲ
1111 4711 1174 4775 τοῖο
1197 4700 1368 4792 πράνμασι
1390 4711 1537 4786 παραινεῖ
1551 4704 1610 4769 ,καί
