3767 5717
960 581 1024 650 352

404 799 491 845 nunc
523 778 644 868 agimus
673 789 705 842 et
732 778 788 843 ubi
809 762 911 868 pauca
931 776 971 842 de
993 775 1185 865 Prytanibus
1206 776 1448 844 Atheniensium
1470 803 1487 844 a
1508 775 1579 844 Lu·

407 903 506 950 canno
533 877 745 972 negligentius
772 882 856 947 dicta
880 880 1034 946 addidero
1061 882 1158 947 finem
1183 881 1311 948 dicendi
1331 882 1455 949 faciam.
1501 881 1577 949 Non

408 990 519 1055 sumsit
538 989 579 1053 ab
601 989 706 1053 Attico
725 989 877 1078 scriptore
898 999 953 1052 aut
974 988 1115 1067 comico,
1139 987 1226 1078 quod
1247 989 1357 1054 scribit
1377 993 1437 1068 67,
1463 992 1520 1066 15,
1539 992 1580 1067 2,

409 1096 464 1160 ubi
497 1094 590 1159 miles
624 1093 708 1184 apud
743 1105 883 1158 scortum
913 1092 1023 1158 turbas
1051 1092 1199 1172 dederat,
1236 1116 1378 1158 mensam
1404 1103 1579 1169 everterat,

410 1202 530 1266 bonurn
558 1201 711 1265 rusticum
739 1199 855 1288 pugnis
884 1196 1073 1264 contuderat
1101 1209 1134 1262 et
1164 1199 1397 1288 conquiruntur
1424 1196 1519 1261 ernici
1550 1192 1578 1260 οἳ

409 1308 624 1388 παραδώσουσι
660 1313 725 1376 τοῖς
762 1309 951 1385 πρυτανεῦσι
992 1303 1074 1392 (lege
1111 1302 1294 1387 πρυτάνεσι)
1329 1305 1381 1368 τόν
1411 1299 1580 1382 Μεγαρέα.

410 1409 482 1474 Νοιι
517 1420 563 1474 est
588 1409 673 1474 enirn
701 1407 765 1472 huc
783 1407 993 1487 trahendum,
1018 1405 1105 1498 quod
1131 1417 1179 1472 cst
1205 1406 1290 1496 apud
1321 1405 1582 1472 delementum

412 1514 605 1605 Thesmoph.
630 1519 707 1581 654.
1052 1597 1055 1602 1

376 1641 380 1649 ·
499 1607 512 1626 “
636 1623 697 1699 ε’γίι
721 1621 752 1684 δὲ
776 1624 884 1684 ταῦτα
906 1625 972 1690 τοῖς
996 1616 1182 1699 πρυτάνεσιν
1204 1619 1355 1697 άγγελώ,
1410 1689 1415 1698 ,

410 1723 500 1787 cuius
527 1723 591 1788 loci
620 1747 683 1789 non
715 1735 762 1789 est
792 1722 904 1788 eadem
934 1723 1027 1789 ratio.
1074 1721 1221 1812 Denique
1248 1722 1282 1787 in
1315 1727 1374 1801 ll,
1404 1724 1442 1786 19
1464 1719 1598 1802 διατρί-.

409 1830 519 1906 βσντος
546 1828 609 1909 γάρ
640 1853 700 1907 μου
732 1831 806 1908 παρ’
837 1830 943 1899 αὐτοῖς
975 1825 1145 1908 προῦθεσαν
1171 1827 1196 1890 oi
1225 1825 1391 1907 πρυτάνεις
1412 1825 1583 1900 ἐκκλησίαν

345 1978 352 2002 t
411 1933 479 2012 περ)
517 1940 577 1996 τῶν
608 1943 689 2015 κοινῇ
722 1930 964 2014 συμφερόντων,
999 1931 1061 1996 boe
1091 1952 1222 2019 quoque
1250 1929 1446 2020 negligenter
1472 1929 1580 2019 posuit

410 2036 435 2099 oi
467 2035 631 2115 πρυτάνεις
667 2037 836 2117 προῦθεσαν
865 2036 1053 2116 ἐκκλησίαν,
1089 2058 1190 2125 quum
1209 2035 1294 2126 apud
1316 2047 1436 2102 veteres
1456 2034 1582 2123 legisset

413 2138 608 2221 προγράφειν
648 2139 836 2214 ἐκκλησίαν,
876 2138 932 2203 sed
968 2140 1139 2220 προτιθέναι
1175 2139 1288 2218 λόγον,
1324 2143 1465 2219 γνώμην,
1502 2139 1584 2216 γνώ-

357 2246 362 2253 ’
412 2268 497 2323 μκς,
523 2245 716 2321 διαγνώμην,
742 2241 914 2322 προτιθέναι
937 2243 980 2324 τῷ
1007 2240 1186 2324 βουλομένῳ
1210 2245 1335 2321 γνώμην
1360 2242 1580 2324 ώποφιίνασθαι

360 2374 363 2378 ’
414 2349 465 2414 rel
495 2348 617 2426 λέγειν,
649 2347 718 2412 sim.
739 2344 811 2412 ride
830 2345 1119 2414 Hensrnnnosrou
1143 2346 1183 2412 ad
1204 2346 1234 2412 h.
1254 2347 1292 2426 l.,
1312 2346 1524 2414 Soaoauann.
1541 2347 1584 2412 de

419 2451 552 2518 Comitt.
572 2453 692 2515 Athen.
716 2473 749 2538 p.
774 2453 847 2514 104.
872 2451 1024 2540 Prytanes
1045 2475 1146 2542 quum
1167 2453 1295 2518 comitia
1316 2451 1494 2518 indicerent
1510 2475 1587 2542 pro-

413 2557 578 2650 ponebant
595 2554 754 2639 edictum,
772 2555 859 2645 quod
877 2558 1077 2640 πρόγραμμα
1092 2559 1217 2638 dicitur,
1229 2560 1464 2643 εῑπρογρώφειν
1476 2561 1587 2626 tritum

414 2676 462 2732 est
489 2663 531 2728 de
560 2660 724 2740 omnibus,
756 2661 874 2750 quibus
893 2672 941 2726 est
962 2663 1011 2727 ius
1024 2662 1186 2729 edicendi.
1237 2663 1489 2732 dulsaoruauue
1509 2688 1588 2731 con-

414 2781 508 2862 cepta
532 2768 629 2834 verba
650 2774 710 2833 τών
734 2776 899 2851 ςρατηγῶν
923 2771 1061 2851 παρῳδεΐ
1082 2771 1115 2835 in
1138 2771 1264 2837 Avidus
1289 2763 1364 2837 450.

529 2881 656 2938 σκοπεῖν
680 2875 706 2938 δ’
731 2869 749 2938 ό
769 2896 799 2937 τι
824 2872 863 2938 άν
886 2876 1121 2957 προγράφωμεν
1145 2875 1175 2939 ἐν
1196 2883 1262 2948 τοῖς
1286 2877 1453 2956 πινακίοις,

416 3003 498 3072 quae
536 2979 605 3068 ipsa
644 2975 776 3041 πινάκια
814 2990 846 3042 et
878 2990 968 3043 erunt
997 2991 1029 3044 et
1057 2979 1246 3045 dicebantur
1274 2979 1318 3044 τά
1347 2980 1589 3062 προγράμματα

419 3087 566 3177 (edicta).
614 3079 797 3147 Ausculum
825 3083 867 3147 de
891 3083 933 3149 F.
963 3085 1001 3150 L.
1030 3088 1111 3170 §60
1138 3083 1283 3164 δεδόχθαι
1309 3086 1492 3167 προγράψαι
1515 3091 1587 3162 τοὺς

418 3189 584 3273 πρυτάνεις
604 3185 773 3259 ἐκκλησίας
799 3186 850 3252 δύο
873 3187 959 3252 κατά
986 3191 1056 3263 τοὺς
1078 3190 1203 3274 νόμους,
1224 3201 1256 3253 et
1277 3193 1295 3274 §
1313 3194 1352 3254 61
1378 3193 1497 3257 κελεόει
1517 3196 1590 3269 τοὺς

417 3293 583 3378 πρυτάνεις
618 3289 803 3370 προγράψαι
835 3291 885 3355 δύο
921 3292 1090 3368 ἐκκλησίας
1117 3295 1182 3361 κτέ.
1230 3294 1354 3360 Deinde
1377 3298 1432 3362 ubi
1450 3299 1588 3388 populus

420 3404 453 3466 in
480 3396 609 3464 comitia
638 3394 790 3460 convenit
816 3393 968 3462 dicuntur
986 3400 1012 3463 οἱ
1036 3399 1200 3480 πρυτάνεις
1226 3403 1397 3482 προτιθέναι
1423 3405 1514 3483 λόγον
1534 3418 1590 3472 aut

420 3507 551 3587 γνώμας
570 3512 625 3566 aut
646 3499 730 3578 sinn,
749 3523 813 3564 non
826 3503 1008 3592 proposita
1028 3505 1150 3569 tabella
1171 3505 1215 3596 (id
1236 3518 1283 3571 est
1300 3505 1436 3596 edicto),
1449 3523 1483 3575 ut
1499 3511 1592 3577 Halt-

422 3627 623 3678 sranuoslus
647 3607 842 3696 suspicatur,
862 3608 917 3673 sed
935 3609 993 3676 ὑπό
1018 3610 1160 3690 κήρυκος,
1182 3633 1246 3700 per
1263 3628 1481 3703 praeconem„
1504 3616 1593 3684 euius

423 3719 455 3782 in
477 3739 514 3782 ea
534 3737 568 3780 re
588 3713 789 3778 notissimum
810 3713 959 3793 κηρυγμα
980 3722 1039 3776 ert:
1058 3713 1106 3784 τίς
1127 3715 1287 3795 άγορεόειν
1307 3718 1478 3796 βοόλεταις
1500 3722 1594 3788 Prae-

424 3822 509 3887 clare
530 3819 768 3884 Druosraurius
786 3841 817 3907 p.
839 3819 923 3895 285,
942 3819 963 3880 6
980 3811 1080 3898 ἠρώτα
1094 3817 1151 3895 μὲν
1167 3819 1180 3881 l
1196 3820 1302 3899 κη’ρυξ·
1319 3821 1377 3894 τίς
1392 3825 1594 3907 άγορεώειν

423 3926 639 4006 βοθλεταις
678 3925 790 4005 παρηει
829 3923 856 3988 δ’
892 3921 989 3993 οὐδείς
1020 3919 1065 3970 -’-
1096 3918 1253 3998 καλούσης
1285 3931 1341 3998 τῆς
1376 3930 1531 4016 πατρίδοςΙ
1554 3944 1594 4016 τῇ

424 4041 506 4113 κοινῇ
537 4035 627 4113 φωνῇ
662 4028 714 4092 τόν
748 4029 857 4109 ἐροῦνθ’
887 4027 962 4107 ὑπὲρ
992 4025 1167 4107 σωτηρίας.
1185 4025 1219 4101 ἣν
1251 4028 1313 4109 γάρ
1345 4029 1359 4092 o‘
1388 4033 1484 4112 κάρυξ
1510 4037 1595 4102 κατά
1620 4034 1624 4039 ’

425 4136 496 4206 τοὺς
528 4132 637 4211 νόμους
667 4133 770 4214 φωνην
797 4131 929 4213 άφίησι,
959 4131 1078 4208 ταύτην
1108 4131 1207 4206 κοινθρν
1233 4140 1289 4206 τῆς
1312 4136 1458 4216 πατρίδος
1483 4138 1597 4206 δίκαιόν

428 4241 492 4307 ε’ςιν
520 4241 677 4318 ἡγεῖσθαι.
727 4238 813 4302 llaec
844 4237 911 4328 ipsa
939 4259 1033 4302 causa
1062 4249 1127 4315 est,
1150 4259 1207 4301 cur
1222 4237 1347 4302 dicatur
1364 4238 1398 4302 in
1420 4263 1456 4304 ea
1476 4265 1510 4308 re
1531 4245 1596 4334 ipsa

421 4369 508 4434 resp.
538 4344 632 4422 λόγον
657 4344 846 4426 προτιθέναι,
872 4357 907 4411 ut
934 4344 1021 4434 apud
1051 4343 1220 4410 Duuosffl.
1241 4368 1273 4435 p.
1294 4347 1376 4422 317,
1402 4348 1491 4412 θάεί
1513 4351 1539 4414 δ’
1567 4352 1597 4414 ἐν

429 4451 515 4532 κοινῷ
548 4452 582 4515 τὸ
604 4449 763 4532 συμφέρον
790 4451 807 4524 η
833 4449 923 4521 πόλις
953 4450 1104 4530 προύτίθει
1133 4457 1259 4515 σκοπεῖν
1269 4497 1278 4527 ,
1299 4460 1331 4513 et
1352 4449 1599 4520 Xunorttonatttt

432 4555 572 4620 Memor.
603 4552 658 4619 lv.
686 4571 721 4618 11.
745 4558 776 4619 3.
803 4562 860 4628 τῆς
891 4553 1010 4627 πόλεως
1042 4553 1137 4632 λόγον
1173 4554 1243 4635 περί
1273 4578 1352 4626 τινος
1390 4556 1602 4636 προτιθείσης,
1634 4539 1637 4543 ⁸

433 4660 680 4751 quamproprie
701 4661 727 4725 οί
758 4657 921 4741 πρυτάνεις
943 4657 1092 4724 dicantur
1113 4671 1167 4725 aut
1187 4658 1280 4738 λόγον
1302 4669 1356 4723 eut
1379 4659 1509 4740 γνώμας
1530 4685 1601 4744 προ-
