3767 5717
991 645 1055 709 364

434 841 628 923 instaurandi
651 839 901 922 ἐπειρησομένους
928 841 955 905 εἰ
982 837 1240 920 καταχρησονται
1265 837 1322 911 την
1343 836 1532 921 ὑποζάκορον
1562 841 1645 903 τῶν

436 949 527 1026 tatia,
566 947 623 1012 ubi
666 947 806 1038 optimus
844 944 953 1012 Codex
991 942 1141 1011 Archias
1177 943 1445 1025 καταχρήσωνται
1483 943 1643 1021 serravit

413 1041 535 1120 solus.

387 1237 392 1244 ,
432 1241 436 1251 Ι
486 1158 537 1224 ld
558 1183 590 1249 p.
616 1159 689 1223 138.
716 1155 858 1222 Verbum
878 1155 1068 1241 ὑποφωνεῖν,
1092 1153 1179 1244 quod
1196 1153 1413 1221 Pnnrrttcnns
1430 1155 1557 1245 optime
1575 1157 1640 1220 in-

437 1273 645 1355 terpretatur,
669 1261 710 1327 ab
731 1285 769 1328 eo
788 1273 929 1328 sumtum
950 1271 998 1326 est
1017 1281 1054 1324 ex
1077 1258 1320 1326 duratornanrs
1340 1261 1636 1327 Acdorocnsz'bue

442 1393 487 1438 rs.
512 1373 587 1438 842.

595 1473 656 1538 οὐδ’
680 1471 778 1546 ἄλλος
802 1472 965 1554 οίνίριίπων
988 1471 1213 1551 derodendum
1237 1478 1381 1549 πημανεῖ
1401 1495 1444 1536 τι.

331 1629 334 1635 -
398 1617 400 1627 ι
441 1579 532 1644 ouius
555 1579 641 1646 verbi
659 1578 738 1643 duas
759 1577 1037 1669 interpretationes
1059 1573 1254 1642 scholiastae
1273 1575 1459 1665 proferunt,
1482 1575 1633 1640 alteram

442 1709 556 1752 ranam
586 1699 619 1751 et
644 1685 773 1763 falsam,
802 1684 932 1748 alteram
957 1703 1063 1749 reram
1084 1691 1117 1744 et
1137 1692 1271 1757 certam,
1295 1681 1351 1745 sed
1370 1682 1475 1746 minus
1495 1680 1636 1772 perspi-

443 1813 503 1857 cue
532 1804 564 1857 ct
595 1791 711 1856 diserte
739 1788 904 1878 scriptam,
939 1808 1036 1876 quarn
1061 1785 1146 1874 apud
1167 1785 1397 1860 Pnnrrucrrnu
1416 1797 1475 1853 cst.
1526 1786 1632 1879 Apud

442 1897 670 1963 Pautalcnnro
692 1916 836 1985 quoqne,
867 1905 902 1958 ut
922 1891 1006 1983 apud
1033 1892 1202 1969 Pnonna,
1230 1892 1390 1981 permulta
1411 1892 1567 1982 leguntur
1588 1917 1633 1958 ex

441 2002 581 2091 antiquis
612 2003 644 2068 in
676 2003 942 2067 Anrstct’unnnrt·
965 1996 1104 2065 Scholiia
1137 2009 1302 2087 expromta
1327 1993 1441 2063 'moltis
1474 1999 1627 2089 partibus

438 2107 577 2172 meliora
601 2107 653 2185 iis,
677 2129 759 2202 quae
782 2127 869 2170 nuno
894 2103 1172 2170 circumferuntur.

493 2210 541 2276 td
570 2236 641 2302 pag.
667 2215 740 2277 141.
789 2209 1068 2294 Quemadmodum
1099 2217 1145 2273 ΛΙ
1173 2219 1204 2274 et
1231 2217 1263 2273 N
1292 2210 1553 2289 confunduntur,
1578 2210 1626 2275 sic
1726 2234 1727 2239 ¹

444 2315 606 2382 interdum
623 2341 682 2407 pro
700 2323 730 2380 N
752 2313 971 2383 inOodd.'A1
992 2315 1147 2405 scriptum
1167 2325 1224 2380 est.
1249 2315 1621 2382 Psenno-Anrsrornnns

442 2421 510 2502 napi
534 2421 715 2500 θαυμασίων
739 2419 948 2500 οίκουσμοίτων
978 2441 1047 2509 cap.
1066 2437 1133 2484 xcv
1161 2417 1201 2484 de
1226 2431 1318 2485 antro
1341 2419 1485 2509 Sibyllae
1505 2420 1623 2487 cama-
1726 2450 1727 2489 ι

445 2549 505 2593 nae
527 2529 667 2594 scribens
688 2525 793 2596 addit:
818 2530 925 2591 τοῦτον
951 2526 982 2590 δὲ
1003 2527 1055 2590 τὸν
1076 2523 1171 2588 τίπον
1195 2524 1329 2604 λέγεται
1352 2527 1544 2606 κυριεὺεσὺαι
1564 2528 1625 2591 ὑπὸ

444 2633 639 2707 Λευκαδίων,
676 2631 761 2697 unde
791 2630 925 2696 mirifica
954 2629 995 2694 dc
1024 2627 1257 2694 Leucadiorum
1286 2630 1412 2695 colonia
1438 2631 1515 2696 olim
1544 2630 1626 2694 illuc

448 2737 587 2804 deducta
612 2737 699 2802 docti
718 2737 863 2802 homines
883 2735 1057 2808 commenti
1072 2747 1156 2800 sunt.
1202 2735 1241 2800 ln
1261 2745 1525 2801 ΛΕΤΚΛΔΙΩΝ
1546 2737 1629 2802 late·
1726 2756 1727 2759 ’

449 2845 505 2912 bat
533 2850 778 2910 ΛΕΎΚΑΝΩΝ
803 2842 1017 2929 (Λευκανῶν),
1048 2863 1127 2931 quos
1147 2864 1243 2906 nemo
1260 2853 1384 2932 partem
1404 2842 1470 2933 agri
1487 2841 1628 2908 Cumani

452 2948 625 3039 aliquando
651 2969 822 3039 occupasse
846 2945 1023 3011 mirabitur.

497 3054 545 3119 Ad
574 3079 645 3144 pag.
668 3057 740 3119 151.
790 3052 961 3118 Manifesto
990 3075 1096 3118 errore
1121 3052 1256 3134 χλαμὺο
1286 3065 1319 3118 et
1348 3054 1464 3136 χλανίς
1492 3055 1627 3122 confusa

454 3174 529 3228 suat
549 3160 634 3251 apud
655 3160 889 3226 Pauraucrrnrr
908 3159 950 3223 de
970 3157 1077 3238 Genio
1096 3158 1250 3224 Son-otia
1268 3183 1300 3249 p.
1323 3165 1388 3228 583
1407 3178 1437 3227 n.
1460 3161 1504 3226 ool
1528 3162 1576 3240 δὲ,
1602 3157 1625 3225 ὦ

452 3267 573 3347 ποίτερ,
606 3263 768 3338 Μιλησίαν
797 3263 1004 3342 χλαμύδα,
1036 3273 1075 3345 τῇ
1100 3265 1132 3330 δὲ
1155 3264 1248 3345 μητρί
1275 3267 1492 3347 παραλουργὸν
1514 3265 1626 3339 ὠνησό-

445 3372 536 3450 μεθα
556 3369 715 3448 χιτώνιον,
750 3379 782 3432 et
810 3368 851 3432 de
878 3368 1073 3434 Alexandri
1091 3373 1217 3434 m'rtule
1243 3393 1276 3460 p.
1298 3376 1364 3437 330
1385 3388 1414 3437 c.
1443 3369 1624 3451 Ἀρίςιπτον

451 3471 645 3556 ὑαυμοίζονσι
675 3471 726 3536 τδν
757 3473 974 3554 Σωκρατικὸν,
1008 3469 1054 3538 ὅτι
1082 3474 1135 3539 καί
1161 3474 1285 3555 τρίβωνι
1308 3477 1385 3556 λιτῷ
1406 3475 1459 3540 καί
1484 3473 1627 3558 Μιλησίου

453 3577 632 3661 χλαμύδι
659 3577 816 3658 χρώμενος
838 3563 875 3642 δι’
901 3577 1088 3659 ἀμφοτέρων
1115 3578 1214 3657 ε’τνίρει
1232 3578 1268 3642 τὸ
1290 3577 1461 3657 εὑσχημον.
1497 3578 1629 3644 Utrobi-

458 3707 522 3776 que
543 3683 648 3748 cultus
669 3681 844 3772 elegantior
863 3692 896 3746 et
916 3681 1047 3747 mollior
1065 3681 1276 3771 significatur,
1305 3683 1414 3772 itaque
1433 3684 1576 3764 χλανιδα
1594 3696 1627 3750 et

458 3789 587 3872 χλανίδι
609 3787 846 3853 emendandum
866 3799 922 3853 est.
1016 3801 1022 3808 ’

504 3895 554 3962 ld
573 3919 645 3985 pag.
667 3899 739 3962 153.
787 3894 985 3962 ldaerhium
1002 3878 1103 3959 ἑκοντί
1125 3894 1236 3961 vitiose
1253 3895 1370 3985 legitur
1388 3895 1422 3960 in
1440 3895 1549 3986 lepido
1569 3894 1629 3962 So·

451 4018 599 4067 'Puocnrs
628 3999 731 4080 dicto,
766 4022 865 4090 quum
899 4023 994 4065 senex
1022 3997 1197 4066 admodum
1226 4000 1260 4064 in
1292 3999 1447 4066 iudicium
1477 4001 1630 4067 adductus
1726 4058 1727 4063 ,

461 4116 560 4184 esset,
585 4107 671 4196 apud
695 4104 983 4171 Antsronrtnnuin
1003 4103 1196 4172 Rhetoricis
1215 4104 1273 4170 lll.
1297 4111 1349 4176 15.
1380 4113 1546 4190 Σοφοκλῆς
1571 4107 1629 4192 ἔφη

460 4210 599 4292 τρέμειν,
624 4213 685 4291 οὑχ
707 4213 744 4282 ὡς
767 4208 983 4288 ὑδιαβοίλλων
1006 4209 1084 4293 ἔφη,
1106 4208 1156 4275 ἵνα
1174 4211 1246 4294 δοκῇ
1262 4210 1360 4293 χίρων
1382 4213 1459 4277 ἀλλ’
1476 4213 1513 4291 ἐξ
1532 4213 1630 4293 οὲνοίγ-
1726 4228 1727 4263 t

461 4339 529 4391 κηρ.
563 4317 595 4380 οὐ
619 4314 681 4395 γαρ
702 4313 826 4378 ἑκοντὶ
854 4309 932 4379 εἶναι
960 4316 1046 4396 αὑτῷ
1070 4313 1123 4390 ἔτη
1150 4315 1355 4393 ὀγδοήκοντα,
1378 4313 1633 4397 Sot’ttocnlts,ai
1726 4296 1727 4345 l

452 4421 650 4513 quisalius,
674 4419 829 4487 ’Λττικιςί
853 4419 943 4508 loqui
965 4420 1092 4497 solitus,
1115 4419 1238 4485 dixerat
1256 4420 1367 4487 ἑκόντι.

511 4527 559 4592 ld
581 4551 650 4618 pag.
673 4527 746 4590 163.
772 4524 816 4590 Ut
836 4525 920 4615 apud
938 4525 1187 4593 Xttrrot’flottssttt
1202 4526 1297 4602 σκεύη
1307 4549 1366 4616 pro
1375 4527 1633 4618 cacodairrepsit,

455 4632 576 4712 eodem
607 4632 719 4713 modo,
744 4644 799 4698 aut
819 4633 915 4698 etiam
934 4633 1026 4723 peius
1044 4632 1168 4698 laborat
1186 4631 1276 4697 locus
1306 4632 1474 4698 Ponrnnnr
1495 4641 1530 4713 5,
1550 4635 1584 4711 8.,
1601 4635 1629 4699 2.

463 4738 621 4814 Λεπτίνης
646 4740 701 4813 την
725 4737 804 4804 ίδίαν
825 4739 917 4812 ςολην
949 4737 1147 4818 οίποίίμενος.
1163 4737 1216 4803 καί
1244 4737 1352 4815 λαβὼν
1379 4741 1495 4805 αὐτοῦ
1521 4738 1629 4812 σκεύη
1726 4710 1727 4803 i
