3767 5717
862 586 928 651 215

309 781 551 877 terpretrtionns
581 780 677 850 huius
701 779 767 847 loci
789 779 871 853 nihil
889 777 980 857 alind
1001 789 1034 855 te
1053 776 1234 860 docebunt,
1255 800 1355 871 quani
1372 776 1487 865 locum

307 890 347 959 ab
360 889 588 979 interpretibus
607 910 674 953 non
685 908 758 955 esse,
772 886 988 964 intellectum,
1004 908 1064 954 nec
1077 886 1211 971 mirum,
1228 887 1485 975 intorpretotio«

306 1019 398 1074 nom,
423 1005 554 1064 auctore
573 992 832 1076 Quincrnnno,
847 990 1055 1083 praecedere
1072 991 1165 1069 debet
1180 992 1358 1059 emendato
1375 993 1486 1061 tectio.

307 1101 462 1190 Expunge
485 1102 519 1164 ἐκ
540 1104 595 1165 σοῦ
614 1098 734 1176 ὁμοίου,
766 1107 877 1161 natum
901 1119 939 1163 ex
960 1096 1073 1162 vicinis
1092 1098 1127 1161 ἐκ
1146 1100 1202 1175 coir
1223 1096 1306 1168 ἴσον,
1330 1106 1363 1159 et
1382 1094 1486 1160 scribe

305 1205 338 1270 πί
356 1203 416 1271 ἔδει
441 1205 526 1280 simois
551 1203 603 1265 ὑπ’
623 1201 746 1274 ἐκείνοις
774 1198 869 1277 sitnm
904 1202 930 1267 si
949 1224 1048 1293 ,pares
1079 1222 1217 1267 essemus
1242 1200 1378 1279 viribus,
1401 1199 1487 1288 qnid

305 1310 472 1381 attinebat
490 1330 550 1371 nos
569 1308 703 1373 illorum
724 1311 865 1397 imperio
887 1331 960 1375 esso
977 1307 1169 1375 subiectos?
1191 1330 1280 1397 nunc
1300 1307 1374 1397 quia
1392 1330 1484 1396 pares

307 1435 373 1479 non
402 1435 511 1479 sumus
534 1412 665 1478 illorum
692 1412 816 1477 iniuriis
837 1394 962 1503 semper
982 1413 1228 1489 imminentibus
1249 1435 1359 1491 sumus
1380 1413 1484 1494 obno-

306 1516 366 1595 xii,
389 1540 469 1607 quas
489 1517 630 1583 inferent
649 1518 788 1607 quando
805 1518 922 1584 volent.
957 1516 1002 1585 Si
1021 1521 1094 1583 iltis
1114 1540 1244 1608 sempor
1264 1523 1331 1597 erit
1353 1519 1487 1582 licitum

304 1626 371 1687 cim
399 1624 530 1711 inferre
556 1624 692 1712 quondo
712 1628 841 1687 occasio
860 1646 934 1688 esso
953 1624 1137 1703 videbitur,
1164 1625 1263 1699 ‘nobis
1276 1628 1486 1712 prr'usqcom
1543 1666 1552 1677 =

305 1727 347 1792 id
352 1727 426 1813 flat
445 1727 668 1816 quoquomodo
686 1729 831 1793 cavendi
851 1731 905 1793 ius
929 1750 1002 1793 esse
1023 1736 1162 1818 oportet.
1210 1725 1294 1791 Sunt
1317 1727 1396 1793 haec
1418 1739 1483 1792 tam
1588 1822 1592 1827 Ι

306 1853 408 1921 aequa
431 1845 464 1897 et
486 1832 569 1901 iusto
594 1854 692 1922 quom
715 1832 822 1901 facilia
845 1843 878 1899 et
902 1844 1012 1924 aperta
1037 1832 1076 1897 ad
1100 1831 1359 1921 intelligendum.

310 1992 318 2012 .
352 1937 404 2031 bd
423 1936 603 2005 Lucunuu
623 1937 731 2005 redeo.
751 1938 785 2003 in
806 1940 893 2025 §37.
910 1936 1148 2019 ἄποδενκνόνπες
1167 1945 1351 2016 ςροοσηγείν,
1366 1960 1484 2019 sporr-

306 2042 380 2121 νοός
410 2043 580 2134 legendum
609 2056 672 2123 est,
702 2055 735 2111 et
761 2046 852 2131 §38.
882 2045 923 2114 είς
947 2040 1016 2107 όσον
1038 2042 1171 2107 κίνδυνον
1191 2064 1257 2107 non
1278 2042 1424 2107 κινδύνου.
1451 2050 1486 2104 et

307 2151 396 2233 §44-
427 2151 510 2215 οὐδὲν
536 2154 731 2219 ἄπεςίλλεπο
760 2172 818 2240 pro
848 2148 1034 2216 ὑπόςελλεν.
1076 2145 1117 2211 In
1144 2150 1235 2234 §42
1258 2143 1484 2226 συγγίγνωσκέ

305 2275 357 2331 μοι
392 2254 436 2331 μη
464 2254 621 2337 πεφυκότι
649 2257 734 2337 κοοκῷ
763 2256 928 2334 γενέσθην,
967 2252 1064 2317 scribi
1092 2275 1158 2317 nou
1183 2253 1294 2343 potuit
1325 2250 1396 2333 nisi,
1418 2248 1484 2315 illis

306 2357 524 2447 temporibus,
557 2380 659 2448 quum
690 2370 755 2423 tota
778 2358 910 2427 Graecia
932 2358 1095 2450 decrepita
1118 2370 1152 2425 et
1171 2359 1287 2426 effoeta
1306 2354 1484 2447 desiperet,

305 2482 412 2551 neque
441 2462 520 2552 quid
549 2474 657 2552 ageret
684 2478 791 2553 'neque
818 2464 897 2554 quid
922 2463 1114 2554 ¹loqueretur
1132 2486 1209 2555 prae
1229 2464 1318 2542 senio
1337 2462 1411 2527 satis
1431 2460 1484 2538 in·

305 2566 460 2657 teiligens.
505 2568 544 2632 V
542 2573 652 2635 eniam
683 2568 760 2633 olim
786 2578 901 2658 potere
929 2569 1097 2648 sciebant,
1126 2570 1153 2635 si
1172 2570 1264 2635 cuius
1286 2569 1403 2657 culpae
1422 2565 1484 2631 sibi

308 2684 413 2739 essent
431 2674 566 2752 conscii,
589 2686 620 2740 at
642 2672 882 2739 Donosrsnnrs
901 2673 962 2738 sibi
981 2674 1104 2762 ignosci
1124 2666 1207 2752 vuli,
1231 2673 1278 2740 ότι
1299 2677 1333 2739 οὐ
1357 2672 1483 2754 πέφυκε

307 2779 402 2851 κοινός
425 2777 582 2856 γενέσόοοο.
608 2778 719 2869 itaque
736 2779 834 2847 mium
854 2778 987 2870 quidem
1002 2778 1252 2855 braosnnrsrn
1272 2777 1387 2844 lubens
1406 2776 1484 2855 mis·

306 2904 376 2951 sum
401 2882 495 2948 facio.

352 2987 390 3053 In
424 2986 548 3076 Cynico
578 2992 619 3053 75
628 3037 637 3067 ,
659 2991 688 3055 1.
716 2990 754 3063 ὥς
781 2987 861 3065 ἄσην
884 2984 1077 3066 πόμπολλον
1107 2988 1195 3055 πουτί
1219 2988 1254 3053 πό
1273 2985 1399 3067 ίμᾶπνον
1423 2986 1485 3068 <ii-

306 3115 381 3173 ρενν,
418 3093 528 3157 nescio
567 3094 731 3184 quomodo
764 3094 896 3165 foedum
933 3091 999 3161 hoc
1029 3092 1143 3161 silium
1184 3092 1320 3161 Critioos
1340 3091 1485 3182 ingerit.

306 3195 378 3263 riom
398 3196 545 3263 nondum
566 3222 631 3265 esse
651 3200 857 3267 emendatum
879 3223 943 3265 uon
964 3199 1079 3278 miror,
1102 3196 1299 3278 παμπόλλην
1319 3199 1486 3265 neminem

221 3366 228 3377 ,
307 3303 422 3371 vidisse
442 3304 664 3395 reponendum
684 3306 718 3373 id
740 3330 815 3373 sero
833 3303 1008 3373 admodum
1028 3304 1147 3369 mirum
1166 3314 1225 3370 est.
1253 3303 1341 3381 Ἂση
1361 3315 1394 3368 et
1411 3300 1484 3376 ἄσις

307 3432 325 3473 a
346 3410 456 3477 scribis
476 3413 661 3501 permisceri
682 3415 796 3481 solent.
831 3413 916 3479 Hinc
936 3411 1026 3475 docti
1049 3410 1177 3499 decepti
1197 3408 1394 3479 imbiberunt
1413 3408 1485 3499 opi-

307 3514 438 3581 nionem
464 3518 599 3605 perinde
627 3540 694 3583 esse
714 3532 786 3587 uiro
806 3518 903 3585 modo
924 3516 1091 3581 scribatur.
1121 3516 1207 3591 Ἂση
1227 3528 1320 3580 vetus
1336 3514 1486 3584 Ionicum

308 3620 501 3689 vocabulum
530 3637 578 3691 est
602 3647 662 3715 pro
680 3626 784 3704 λύπη,
808 3626 894 3691 ἄνίοο.
927 3623 1055 3691 Huncc-
1075 3619 1100 3687 Ι.
1123 3622 1197 3685 136.
1220 3617 1271 3683 ibo
1293 3620 1327 3695 ἢν
1346 3619 1486 3702 ἄποόοίνη

307 3724 495 3807 τρεφόμενος
520 3730 678 3807 μηδεμίαν
703 3727 783 3805 ἄσην
809 3730 851 3809 τῷ
874 3728 970 3809 crespi
998 3723 1183 3806 προσβᾶλη,
1218 3724 1275 3789 ubi
1303 3724 1375 3791 side
1401 3724 1486 3816 quid

307 3830 432 3898 scribae
460 3831 695 3927 designaverint
725 3834 757 3899 in
787 3833 951 3927 plerisque
977 3832 1080 3899 libris.
1102 3887 1105 3893 .
1126 3830 1211 3896 Hinc
1239 3832 1366 3909 ἀσηθείη
1399 3832 1485 3923 apud

306 3936 444 4007 eundem
465 3934 590 4009 Ilici.
615 3940 865 4030 Ρνοᾶλγήσενε,
889 3939 1054 4015 λνπηόείη.
1081 3936 1159 4003 binc
1180 3936 1304 4028 Tragici
1319 3937 1486 4029 arripiunt.

309 4040 497 4113 Eonrrrors
520 4046 645 4113 Medon
669 4050 745 4113 247.
1140 4034 1145 4039 ’

575 4148 632 4227 ἔξω
656 4152 758 4229 μολὼν
782 4149 902 4217 ἔπννσε
925 4148 1055 4232 καρδίην
1079 4146 1179 4229 ἄσης,
1231 4166 1235 4173 “

306 4274 386 4343 qnos
417 4252 534 4321 deiude
566 4254 731 4321 Atticistae
762 4255 938 4323 imitantur.
986 4253 1030 4320 rit
1059 4252 1131 4331 ἄσνς
1163 4254 1485 4344 significat-sordes,

236 4394 237 4397 ¹
305 4360 562 4439 immunditiem,
580 4364 690 4427 πᾶσοον
705 4360 911 4442 ἄνοοόόοοσίοον.
937 4361 1062 4451 primus
1074 4350 1185 4427 auctor
1200 4361 1360 4426 chuuus
1375 4361 1485 4446 Iliad.

308 4470 345 4528 Φ.
359 4468 438 4531 321.
451 4466 565 4543 τόσσην
581 4467 606 4531 oi
627 4462 698 4529 ἄσον
713 4466 884 4546 nostrapte
906 4466 1058 4547 κολόψοο,
1078 4466 1165 4531 nude
1180 4466 1277 4531 multi
1292 4456 1485 4543 recentiores

307 4575 422 4655 pc'e'tae
441 4581 473 4635 et
491 4572 645 4661 poetastri
664 4584 864 4650 sumserunt,
879 4570 996 4637 deinde
1014 4572 1070 4637 alii
1086 4594 1216 4665 quoqne
1232 4571 1373 4662 priscum
1390 4595 1485 4651 roca-

307 4672 423 4747 bnlurn
451 4692 626 4769 recoquere
650 4690 842 4768 coeperunt,
873 4689 906 4743 at
925 4677 1075 4748 Graeculi
1097 4679 1247 4779 ignotum
1263 4676 1323 4743 sibi
1343 4679 1484 4758 rocabo-
1561 4724 1569 4738 .
1597 4727 1600 4732 .
1664 4724 1665 4727 ,
