3767 5717
988 611 1062 678 448

428 784 637 871 πιθανώτερον
655 783 839 856 τυντιθθναι.
885 781 1050 870 interpres
1082 779 1276 870 crpcmeotie
1296 779 1540 868 atnoe-posuit
1567 801 1630 851 suo

432 890 609 964 arbitratu.
654 891 811 978 Exporge
827 907 927 959 unam
942 887 1121 956 litterulam
1145 893 1178 954 et
1203 885 1349 976 prudeus
1369 886 1542 954 eonsilium
1561 887 1629 955 exi·
1743 877 1744 882 ’

435 996 511 1072 pit,
540 993 635 1064 debet
659 1014 729 1064 csse
748 996 904 1070 τννετιιιθρ
925 999 980 1063 τοῦ
1008 993 1211 1077 πιθανωτέρου
1234 1000 1267 1059 ct
1285 992 1346 1060 hoo
1373 993 1456 1060 mihi
1473 993 1630 1062 concedet

434 1102 635 1188 quicumque
656 1109 690 1168 et
712 1101 781 1188 ipse
811 1108 917 1188 potest
934 1103 989 1166 τοῦ
1013 1098 1216 1181 πιθανωτέρου
1234 1097 1377 1166 συνιέναι.
1424 1097 1486 1178 At,
1510 1097 1630 1166 dixerit
1743 1171 1744 1182 ρ

405 1244 408 1249 -
434 1204 576 1291 aliquis,
595 1204 753 1281 ουνεπιιιθς
774 1223 936 1293 nusquam
960 1203 1042 1270 mihi
1067 1203 1188 1272 lectum
1211 1210 1260 1270 est
1281 1211 1314 1270 et
1335 1222 1449 1270 vereor
1472 1210 1509 1269 ut
1529 1202 1628 1272 fuerit
1743 1261 1744 1276 ,

436 1310 471 1384 io
490 1327 563 1377 usu.
609 1310 679 1378 Non
700 1318 750 1378 eet
768 1309 849 1378 haec
872 1330 992 1397 magna
1014 1308 1207 1377 difficultas:
1232 1307 1310 1376 talia
1333 1307 1396 1374 sibi
1413 1307 1551 1396 quicque
1570 1328 1629 1396 pro
1743 1301 1744 1308 ’

436 1434 474 1482 ro
494 1422 570 1482 nata
594 1415 707 1501 dogit,
730 1423 842 1503 parata
860 1416 1000 1483 materia
1020 1421 1088 1494 cst,
1111 1413 1258 1500 analogia
1288 1420 1378 1480 certa
1398 1419 1432 1480 et
1454 1415 1489 1479 in
1518 1412 1630 1480 huius-

434 1518 524 1594 modi
546 1519 716 1591 adieotiuis
736 1520 869 1588 cuilibet
892 1521 1059 1608 permissa.
1106 1519 1251 1606 Ecquem
1276 1524 1372 1605 putas
1395 1517 1630 1588 dursrornrumr

434 1631 606 1708 auctorem
624 1625 793 1706 habuisse,
816 1645 880 1713 quo
905 1624 1060 1698 diceret
1050 1645 1085 1692 ιιι
1109 1623 1342 1711 equitumve
1362 1627 1468 1692 1478:

435 1783 440 1790 .
562 1795 567 1805 ,
619 1733 812 1815 πυνερατιιιθς
830 1757 895 1814 γαρ
917 1733 965 1803 ἐςι
982 1730 1036 1798 και
1058 1729 1242 1816 περαιτικθρ
1286 1807 1288 1812 ¹
1417 1761 1420 1766 ·

619 1837 672 1908 ιιαι
697 1837 933 1924 γνωμοτυπικὸς
962 1861 1014 1905 και
1004 1837 1144 1919 ταφῆς
1168 1834 1220 1914 καὶ
1241 1803 1396 1916 accomodo
1511 1895 1515 1902 .

620 1941 911 2018 καταλαππικθο’
881 1967 902 2008 π
936 1940 1031 2024 ἄριςα
1055 1947 1109 2008 τοῦ
1134 1939 1344 2022 θορυβητικοῦ.

554 2082 601 2097 -
621 2046 727 2118 οωνιουν
749 2028 1078 2122 καταδακτυλικὸς
1045 2071 1085 2113 πυ
1107 2049 1162 2114 τοῦ
1186 2043 1371 2120 λαλητικου.
1495 2105 1497 2112 .

425 2221 427 2227 ,
437 2156 474 2228 at
488 2151 633 2218 comicus
647 2159 717 2230 est,
736 2152 884 2239 inquies,
903 2159 938 2219 et
955 2151 1058 2218 somnt
1074 2150 1119 2217 τα
1136 2155 1269 2222 τοιαῦτα
1286 2148 1431 2230 παίζειν,
1447 2145 1501 2214 hic
1520 2150 1630 2218 omnia
1743 2243 1744 2246 Ἴ

306 2286 310 2292 ·
437 2254 524 2329 ¹serio
542 2263 686 2342 aguntur
712 2263 746 2323 et
769 2255 896 2323 iocandi
918 2269 983 2323 uon
1007 2262 1067 2323 est¹
1084 2254 1184 2322 locus.
1231 2253 1325 2322 dabo
1343 2252 1563 2339 igituralium
1580 2254 1631 2322 do-

435 2377 514 2432 cum
534 2359 636 2446 ipsius
653 2361 799 2440 Lucum,
823 2361 857 2427 in
869 2379 934 2446 quo
951 2360 1071 2426 iterum
1090 2360 1158 2446 ipse
1182 2359 1276 2445 fingit
1291 2357 1488 2426 *adiectirum
1504 2356 1629 2426 'huius-

437 2463 537 2538 modi.
565 2464 888 2536 Volebatdicerc'oo
903 2468 977 2543 ‚oo
996 2483 1087 2551 posse
1100 2461 1628 2551 saltandiperiectumartiiicium

435 2566 480 2646 τοὶ
504 2570 681 2646 ἑννοιρθέντα
707 2570 902 2653 ἐξαγορεύειν
930 2569 986 2636 καὶ
1011 2571 1141 2654 τάφανῆ
1164 2568 1367 2653 σαφηνίζειν,
1391 2567 1472 2634 dixit
1493 2571 1511 2646 oi
1535 2565 1628 2650 ὅρχνρ-
1743 2579 1744 2592 ’

436 2672 486 2747 cle
507 2674 553 2751 ε’ςι
576 2681 636 2741 τῶν
657 2665 851 2752 ἐννοηθέντων
873 2673 1094 2757 ἐξαγορευτικὴ
1118 2675 1170 2741 καὶ
1199 2681 1258 2741 τῶν
1285 2676 1415 2758 οὶφανῶν
1437 2673 1629 2758 ταφκνιςικιὶ

438 2777 535 2864 idque
557 2778 765 2868 philosophus
785 2780 865 2849 dicit
884 2787 973 2847 totus
996 2779 1036 2846 ad
1059 2780 1253 2866 gravitatem
1274 2779 1482 2866 compositus.
1528 2777 1630 2846 Nemo

437 2901 595 2970 umquam
618 2885 700 2952 vidit
721 2894 779 2952 aut
808 2884 887 2971 legit
919 2883 1177 2968 θξιιγορωυτικθς,
1199 2885 1263 2954 nisi
1287 2884 1347 2951 hoc
1367 2904 1432 2950 uno
1455 2883 1543 2962 loco,
1573 2879 1629 2950 scd

437 2987 576 3056 subiecit
599 2990 732 3063 Lucuuo
759 2989 907 3076 analogia
926 2997 1033 3070 certa,
1058 3009 1122 3077 qua
1139 2989 1313 3058 utebantur
1332 3007 1444 3056 omues
1463 3007 1523 3056 suo
1547 2986 1631 3073 arbi·

435 3099 549 3172 irato,
573 3113 771 3180 quamquam
795 3113 858 3160 non
893 3112 1005 3162 omnes
1034 3094 1197 3180 eleganter
1221 3102 1279 3161 aut
1300 3101 1447 3162 uenuste.
1488 3093 1553 3160 Est
1572 3091 1632 3160 ali·

438 3197 519 3282 quid
540 3199 626 3266 inter
645 3200 807 3280 Pnurouou
838 3200 871 3264 io
896 3199 1043 3285 Septicio
1065 3199 1228 3287 permulta
1251 3198 1436 3269 huiusmodi
1456 3217 1539 3266 nova
1568 3196 1632 3264 iin-

438 3311 568 3388 geotem
591 3310 624 3371 et
650 3304 788 3370 Tzcrzru
815 3305 936 3390 passim
967 3303 1043 3378 talio
1074 3302 1296 3382 effutientem
1326 3303 1482 3378 τυνετιιιθς
1512 3300 1631 3370 intelli·

439 3406 591 3493 gentibus
616 3409 754 3489 Betooun
770 3427 876 3498 qoam
902 3410 1022 3476 Torum
1049 3408 1211 3481 videbitur
1240 3411 1381 3498 dignius.
1414 3427 1415 3430 ’

484 3512 606 3587 Vocula
625 3513 838 3601 negligenter
857 3513 968 3584 addita
995 3517 1174 3603 corrumpit
1193 3517 1300 3586 locum
1323 3520 1382 3594 54,
1401 3520 1432 3580 4.
1456 3515 1503 3594 psi
1523 3537 1566 3594 με
1586 3535 1631 3580 νι-

436 3620 531 3704 etiope
556 3621 609 3704 ἐφ’
631 3617 718 3703 ὕβρει
738 3645 847 3721 ταυτα
872 3626 926 3695 τοῦ
950 3620 1129 3704 Πυθαρθρρρι
1150 3621 1301 3710 θώρακα
1330 3621 1501 3695 evocarem
1523 3618 1629 3701 πειραθ-

438 3749 530 3806 ροινον
560 3727 674 3805 αὐτοὺς
705 3729 771 3808 act.
794 3716 853 3814 qui
884 3727 965 3794 haec
998 3727 1093 3794 volet
1104 3727 1284 3814 intelligere
1316 3724 1550 3814 particularia
1577 3743 1628 3790 ex·

438 3839 563 3918 pungat
586 3839 617 3898 et
632 3830 713 3897 nihil
734 3832 896 3919 supererit
919 3831 1221 3908 molestiae..

484 3937 522 4002 ln
546 3935 730 4022 receptam
748 3942 819 4016 54,
841 3943 894 4003 7.
909 3945 1207 4014 commemorantur
1240 3938 1355 4026 pocula
1385 3899 1560 4020 εθριιρρανδῆ
1593 3959 1630 4002 τε
1743 4011 1744 4016 ,

439 4042 493 4135 και
512 4039 620 4108 αλλα
616 4040 775 4122 εὕςομα,
800 4062 883 4128 quae
905 4043 972 4108 sint
994 4043 1127 4122 ευςιραρι
1134 4046 1267 4127 πυπιιρια
1286 4041 1417 4116 difficile
1438 4041 1529 4116 dictu
1558 4047 1630 4118 est,
1735 4043 1742 4052 ’

440 4146 517 4234 quia
540 4165 600 4212 nec
621 4154 700 4214 sunt
721 4165 781 4213 nec
804 4145 947 4223 fuerunt.
996 4148 1124 4234 Repone
1151 4148 1295 4240 τθςοραα,
1315 4164 1402 4235 quae,
1423 4151 1631 4234 opponuntur
1743 4149 1744 4238 ᾗ

438 4257 503 4338 τοῖς
525 4251 749 4334 εὐρυχανδθοιε
772 4271 878 4340 neque
896 4252 1002 4338 magis
1023 4260 1139 4342 notum
1164 4261 1214 4320 est
1234 4255 1394 4338 ραερμθριον
1411 4250 1507 4320 οιακθν
1528 4247 1553 4340 §
1576 4255 1630 4316 11.
1743 4249 1744 4266 ¹

438 4356 646 4425 notissimum
673 4364 727 4423 est
757 4357 922 4440 Τορριέριον
954 4357 1048 4434 καιιθν
1069 4357 1134 4424 uid.
1162 4359 1334 4430 Prummu.
1361 4362 1407 4431 iu..
1431 4358 1546 4424 Theseo
1573 4352 1629 4420 XI.

440 4461 583 4552 vitiosae
599 4460 782 4548 scripturae
802 4464 986 4550 imposuere
1003 4463 1191 4540 Rouuururo
1203 4464 1243 4533 ad
1263 4468 1407 4544 drumm
1434 4465 1557 4552 p.178.
1592 4459 1630 4526 lu

437 4565 706 4651 praecedentibus
727 4566 866 4636 ridicule
888 4567 1010 4636 dicitur
1040 4575 1133 4655 pater
1153 4570 1221 4657 ipse
1246 4570 1345 4641 filiam
1365 4591 1403 4640 eo
1428 4569 1481 4644 die
1508 4577 1630 4658 nuptu-

436 4671 783 4758 pamxcoadppv‚non
796 4672 917 4758 esthoc
937 4673 1202 4764 vindocinium,
1223 4675 1344 4754 nedum
1363 4677 1479 4765 patris:
1502 4695 1562 4765 pro
1574 4676 1627 4766 καὶ
