3767 5717
996 594 1037 657 37

589 767 676 841 οάκῑ,
701 764 764 832 ‘rod'
789 766 843 844 ἤδη
868 769 943 834 θεῖον
967 769 1130 851 άνάράντοις
1155 770 1249 837 κοινάν

542 948 548 968 3
585 868 660 937 άνοον
683 895 732 945 τις
755 872 819 956 εἰδῇ
843 874 1005 953 τάγαθὸν,
1027 873 1122 959 δράσρ
1145 876 1177 942 δὲ
1200 877 1256 956 μή.

407 974 448 1058 de
466 995 530 1063 quo
554 974 626 1043 vide
649 974 803 1045 Vererer.
830 977 930 1045 uuir.
956 1000 988 1067 p.
1009 984 1068 1047 dt:
1093 981 1175 1069 quod
1195 990 1313 1047 rectum
1337 990 1382 1046 cst
1403 980 1491 1049 vides
1510 978 1594 1051 dici:

407 1089 440 1149 at
463 1102 527 1146 uon
550 1079 610 1146 hoc
634 1080 713 1147 dicit
736 1082 923 1163 Soruocnes,
949 1086 1026 1151 douc
1050 1106 1109 1153 sua
1132 1093 1227 1172 negat
1251 1102 1344 1153 nosse
1369 1086 1485 1153 stultos
1508 1096 1596 1156 ante·

406 1206 503 1274 quam
525 1186 694 1253 amiserint
712 1195 745 1255 ct
764 1188 896 1267 οάνοιθά
917 1187 1052 1258 debehat
1075 1190 1192 1275 dicere.
1228 1189 1304 1279 Oet
1325 1198 1349 1265 Ε
1368 1191 1501 1259 confusa
1517 1192 1595 1259 olim

407 1300 484 1359 suut
508 1300 540 1359 et
559 1290 814 1372 emendandum:

590 1396 736 1478 τάνάά’
759 1400 792 1464 ἐν
814 1408 918 1484 χεροῖν
938 1401 945 1493 Ι
964 1399 1092 1485 ἔχοντες
1115 1406 1169 1470 οὐκ
1192 1400 1310 1469 ἴσοισι.

406 1504 445 1586 Iu
464 1502 585 1569 vicinia
616 1521 646 1590 p.
669 1508 753 1581 726,
782 1510 823 1571 la
857 1526 920 1573 una
943 1506 1088 1575 litterula
1111 1508 1231 1577 extrita
1254 1505 1330 1575 iecit
1353 1514 1388 1572 ut
1411 1506 1595 1575 Aurrrmurs

407 1608 531 1677 dictum
567 1628 663 1675 sensu
687 1618 823 1677 careret.
870 1611 957 1679 Dicit
981 1621 1075 1701 poeta
1094 1612 1195 1685 solere
1218 1632 1293 1691 eos,
1318 1612 1374 1699 qui
1398 1620 1484 1679 artes
1508 1612 1595 1699 inge·

409 1734 493 1783 uuas
513 1712 649 1781 fideliter
676 1712 850 1782 didicerint
1024 1790 1027 1797 ,

520 1843 523 1847 ’
956 1832 1015 1892 τῶν
1036 1824 1237 1909 ἀδικημάτων

591 1932 636 2009 μὴ
659 1929 839 2011 λαμβάνειν
862 1931 922 2006 τάς
945 1930 1040 2009 άξιοις
1064 1932 1212 2014 τιμωρίαις

591 2036 672 2106 ἑλεῖν
695 2037 731 2103 δὲ
753 2036 915 2111 πάντως.

407 2140 489 2204 ἑλεῖν
509 2136 588 2227 quid
611 2140 655 2218 sit
678 2161 772 2209 nemo
794 2162 949 2229 umquam
982 2143 1097 2229 capiet.
1126 2142 1223 2207 ἐλεεῖν
1254 2138 1497 2207 rescribendum
1526 2159 1595 2208 esse

409 2242 503 2310 facile
525 2243 606 2311 mihi
626 2244 777 2326 dabitur,
802 2247 858 2314 scd
888 2268 952 2313 nou
976 2256 1025 2315 est
1049 2247 1143 2314 satis:
1168 2251 1205 2311 ut
1228 2252 1315 2313 recte
1344 2244 1472 2311 dicatur
1496 2246 1594 2313 ἐλεεῖν

411 2374 442 2417 τι
466 2350 499 2413 in
521 2349 619 2415 simili
644 2370 679 2417 re
702 2354 920 2420 necessarium
942 2360 999 2419 est.
1024 2378 1054 2419 rr
1077 2352 1174 2430 latet,
1198 2358 1235 2417 ut
1255 2351 1463 2439 saepissime,
1489 2351 1523 2416 in
1543 2350 1595 2417 lit·

410 2462 481 2521 tera
503 2480 529 2521 rr
552 2462 584 2521 et
606 2455 798 2542 degendum:

683 2565 781 2632 ἐλεεῖν
804 2563 836 2629 δὲ
860 2589 890 2630 τι
913 2562 1050 2639 πάντως.

411 2724 415 2731 .
457 2668 533 2753 Pag.
556 2669 631 2735 755.
679 2668 852 2747 Germanus
875 2667 915 2735 ad
939 2670 1103 2747 amicum,
1127 2668 1182 2755 qui
1207 2687 1247 2734 ex
1271 2668 1341 2733 eius
1363 2666 1533 2753 disciplina
1560 2667 1594 2733 in

412 2773 550 2860 patriam
581 2781 746 2841 revertens
781 2774 977 2861 quaerebat:
1012 2780 1075 2849 πῶς
1097 2772 1136 2839 do
1158 2773 1250 2853 ἤκιςοο
1284 2772 1517 2855 άμοιρτάνοιμι;
1547 2792 1596 2838 re·

410 2877 577 2965 spondisse
600 2878 723 2954 fertur:
746 2881 771 2945 ei
795 2884 869 2961 παρ’
892 2877 994 2950 traso
1013 2876 1051 2947 άν
1071 2878 1220 2962 πράττεις
1240 2880 1355 2953 δοκοίης
1375 2903 1417 2960 με
1440 2885 1595 2961 roceum.

410 2985 519 3051 nescio
537 3004 597 3049 cur
615 3008 667 3063 μοι
688 3003 774 3049 uuus
793 2990 824 3050 et
844 2983 926 3055 alter
943 2983 1105 3052 maluerit.
1151 2984 1310 3050 Revocata
1333 2982 1468 3071 fugitiva
1488 2984 1597 3051 littera

410 3110 450 3155 cx
474 3089 496 3154 G
517 3088 728 3175 praecedente
756 3088 862 3155 scribe
885 3089 970 3176 quod
995 3089 1216 3175 unusquisque
1238 3089 1273 3154 in
1302 3088 1358 3155 tali
1383 3109 1418 3155 ce
1441 3088 1594 3156 dixisset:

409 3192 525 3268 δοκοίης
549 3194 615 3273 ἐμὲ
639 3204 792 3276 repeton.

458 3298 605 3365 Servavit
628 3301 719 3367 nobis
738 3301 887 3368 lonenses
909 3303 1107 3381 Dnusscnnns
1127 3300 1327 3367 luculentum
1345 3299 1451 3365 locum
1473 3300 1595 3367 Ancur-

410 3424 468 3471 rne
491 3403 666 3484 Tarentini,
689 3406 804 3473 Dorico
824 3407 960 3475 dialecto
981 3408 1138 3494 scriptum
1155 3405 1211 3475 scd
1231 3406 1451 3473 miserrimum
1474 3406 1509 3472 in
1529 3427 1595 3474 mc-

410 3507 488 3576 dum
512 3510 695 3589 alibrariis
716 3512 905 3579 mulcatum.
940 3512 1074 3599 Legitur
1097 3533 1128 3599 p.
1146 3516 1229 3591 741,
1253 3510 1428 3597 habuitque
1449 3512 1595 3581 Gursron·

409 3635 466 3681 ous
495 3615 628 3682 Ecusuer
663 3617 904 3705 apographum,
936 3639 1000 3704 quo
1031 3618 1196 3685 meliorem
1219 3625 1383 3683 auctorem
1407 3638 1445 3683 ac
1479 3626 1594 3685 testem

408 3741 502 3788 nemo
534 3723 690 3809 requirat.
736 3724 908 3791 Enaesimus
936 3731 1044 3791 autem
1075 3723 1259 3792 describere
1292 3722 1397 3789 locum
1428 3724 1507 3789 satis
1540 3723 1594 3789 ha·

406 3825 497 3906 buit,
519 3828 690 3896 emendare
722 3829 914 3916 supersedit.
963 3828 1129 3897 Sustulerc
1159 3828 1316 3919 'nonnulla
1339 3827 1417 3893 vitia
1439 3827 1594 3894 Wrrren-

406 3953 529 3998 nncnrus
541 3941 573 4000 et
590 3934 788 4001 Gnisronous.
824 3933 985 4001 Palmaria
1006 3935 1228 4001 emendatione
1248 3935 1374 4035 denum
1399 3933 1445 4021 (in
1458 3931 1591 4020 praeiet.

407 4036 447 4102 ad
468 4037 574 4104 Eume.
608 4038 708 4107 Hctco
744 4061 774 4127 p.
796 4040 830 4129 6)
866 4039 1011 4106 restituit
1035 4038 1121 4105 hunc
1145 4038 1272 4104 locum:
1296 4037 1348 4103 rui
1375 4039 1438 4120 γάρ
1463 4035 1590 4119 edoctor

405 4142 459 4207 aa>
481 4143 534 4207 τκὶ
555 4145 651 4211 notai
680 4145 793 4229 τροφοοὶ
818 4143 973 4219 πολλάκις
1004 4142 1151 4227 φθάνοντι
1176 4145 1234 4218 τάς
1266 4142 1469 4213 διδάσκοολίοιο
1492 4144 1523 4213 ἐς
1546 4141 1590 4219 dp·

405 4246 693 4330 corrrctionem,
714 4251 874 4334 duodicem
896 4252 928 4317 δὲ
948 4249 1038 4329 μόνον
1059 4249 1144 4329 λόγον
1165 4248 1339 4330 auspicor,
1363 4248 1414 4313 τὸν
1438 4247 1476 4309 ἐν
1499 4244 1590 4321 τήθη

402 4361 450 4430 νῆ
474 4355 629 4436 turcotum.
676 4356 910 4424 Vincueunumo
934 4356 1070 4441 dignum
1094 4364 1143 4421 cst
1167 4362 1199 4421 et
1227 4356 1363 4421 Pousono
1387 4348 1470 4434 quod
1502 4369 1590 4437 repe·

403 4458 463 4526 rit:
488 4461 540 4527 τὸν
560 4462 729 4538 {orituri
753 4462 909 4541 εὀιιςάμκ.
957 4461 1029 4529 Alia
1046 4481 1148 4548 pauca
1166 4462 1234 4547 ipse
1255 4456 1431 4541 corrigam
1453 4455 1537 4541 quod
1558 4455 1593 4521 in
1655 4512 1661 4519 ,

403 4563 512 4632 codice
536 4574 584 4634 est
608 4569 854 4650 κοοάοριολογά
879 4592 915 4633 τε
937 4567 980 4634 τά
1004 4567 1121 4651 φύσει
1146 4566 1215 4633 ideo
1240 4561 1368 4637 oditur,
1395 4581 1425 4647 p.
1441 4566 1527 4643 741,
1552 4566 1589 4640 9,
