3767 5717
969 597 1035 658 344

410 793 576 873 διάγνωσις
597 802 630 856 et
652 789 796 881 denique
809 791 846 855 rb
869 784 904 855 εὖ
930 793 1069 872 φρονεῖν,
1096 812 1159 881 qua
1178 813 1212 857 re
1233 791 1314 858 nihil
1333 805 1380 863 ost
1399 793 1432 860 in
1451 795 1585 864 homine

411 898 559 966 divinius.
607 896 651 963 Ut
682 897 818 987 quisque
847 905 955 960 autem
986 907 1088 961 aetate
1119 895 1215 962 distat
1244 897 1421 988 plurimum
1449 901 1491 966 ab
1519 903 1586 968 illis

411 1004 633 1099 scriptoribus,
657 1028 738 1095 quos
760 1003 941 1094 Antiquitas
962 1005 1247 1093 praestantissimos
1267 1006 1357 1084 tulit,
1385 1007 1429 1072 ita
1449 1009 1587 1074 maxime

410 1137 448 1180 ea
467 1111 630 1202 cogitandi
655 1123 688 1176 et
707 1110 836 1177 dicendi
857 1109 974 1175 sanitas
995 1120 1027 1175 et
1048 1111 1199 1176 serenitas
1220 1123 1253 1177 et
1274 1113 1387 1178 veritas
1408 1113 1585 1181 obscuran-

409 1232 464 1285 tur
481 1231 514 1284 et
530 1217 701 1297 deliciunt,
717 1218 821 1283 donec
839 1215 878 1281 ad
897 1215 955 1280 illa
979 1227 1121 1306 tempora
1141 1217 1338 1306 perveneris,
1353 1241 1455 1307 quum
1475 1243 1585 1286 omnes

409 1325 528 1417 pariter
547 1322 692 1414 desipere
711 1321 880 1390 videantur
898 1332 931 1388 et
950 1321 1078 1411 ingenia
1099 1334 1162 1387 tam
1184 1322 1301 1389 insulsa
1321 1315 1385 1389 sint
1409 1336 1442 1389 et
1461 1325 1586 1406 iutilia,

409 1454 446 1498 ac
476 1431 585 1520 lingua
611 1441 643 1494 et
669 1451 772 1494 sermo
796 1425 909 1518 putida
930 1439 1058 1506 suntet
1078 1427 1197 1519 inepta.
1245 1429 1336 1496 lianc
1357 1431 1456 1520 igitur
1474 1431 1581 1497 labem

409 1537 498 1604 lenta
524 1534 713 1624 contagione
742 1545 865 1598 certum
895 1532 1028 1598 evitium
1056 1534 1240 1600 afferentem
1264 1537 1297 1601 in
1323 1536 1475 1604 Luctatto
1495 1538 1583 1604 volui

410 1640 578 1708 ostendere
596 1650 736 1725 tantnm3
759 1637 957 1727 quicumque
977 1636 1009 1701 ir'v
1031 1659 1069 1702 eo
1088 1637 1176 1703 hune
1194 1639 1342 1706 morbum
1362 1643 1464 1708 inesse
1485 1643 1582 1708 intel·

362 1794 364 1797 -
409 1748 504 1826 laxit,
523 1744 641 1810 indicia
664 1743 741 1808 mali
758 1754 837 1833 quot
859 1741 945 1808 volet
964 1741 1102 1808 notabit:
1127 1767 1186 1834 ego
1206 1767 1294 1811 nunc
1313 1747 1443 1837 quidem
1464 1746 1582 1813 delun-

409 1875 467 1943 gar
494 1850 555 1914 hac
572 1870 683 1938 opera,
707 1859 879 1938 postquam
903 1846 1015 1937 paucis
1035 1847 1311 1930 demonstravero,
1337 1874 1432 1942 quam
1454 1854 1581 1918 incaute

409 1957 555 2022 Lucum
575 1953 759 2019 testimonio
775 1952 810 2017 hi
831 1974 963 2042 quoque
982 1964 1128 2031 utantur,
1157 1955 1213 2045 qui
1233 1979 1270 2024 ex
1290 1958 1360 2022 eius
1382 1958 1504 2048 scriptis
1522 1979 1579 2022 co-

408 2059 517 2153 gnosci
535 2082 627 2150 posse
644 2048 823 2124 existimare
843 2057 1006 2136 videntur,
1024 2071 1080 2124 ant
1101 2082 1182 2150 resp.
1202 2060 1445 2129 Atheniensium
1465 2055 1581 2153 quem-

408 2163 583 2233 admodum
611 2165 785 2230 constituta
806 2162 921 2241 luerit,
951 2175 1006 2228 aut
1030 2164 1137 2254 legum
1164 2178 1196 2231 et
1216 2168 1292 2234 iuris
1311 2181 1367 2233 aut
1389 2167 1579 2234 iudiciorum

409 2294 491 2363 quae
519 2270 615 2335 suerit
641 2270 774 2335 ratioet
794 2290 884 2347 usus,
916 2267 1058 2360 denique
1082 2270 1138 2359 qui
1157 2293 1260 2338 moves
1277 2285 1419 2339 veterum
1443 2273 1578 2351 fuerint,

408 2399 491 2468 quae
521 2375 584 2441 vita
605 2374 735 2465 publice
754 2374 979 2470 privatimque,
1024 2373 1115 2440 Nihil
1134 2374 1248 2441 horum
1269 2377 1433 2444 satistuto
1454 2402 1492 2446 er
1513 2379 1580 2446 Lu·

409 2499 508 2548 crauo
525 2478 633 2568 colligi
650 2489 770 2568 potest,
786 2477 940 2542 coniectis
955 2477 987 2542 in
1008 2499 1108 2544 unum
1127 2491 1159 2544 et
1176 2480 1311 2546 mirifice
1326 2482 1466 2550 contusis
1485 2486 1580 2553 rebus

408 2586 557 2653 omnibus
578 2584 754 2663 veteribus,
778 2584 867 2650 novis
887 2596 919 2648 et
938 2583 1123 2651 novissimis.
1170 2585 1219 2652 Ne
1238 2587 1324 2653 docti
1348 2589 1478 2679 quidem
1495 2593 1580 2656 anti-

407 2692 523 2784 quarii,
545 2690 616 2756 vivo
638 2689 803 2769 Lucnno,
820 2687 902 2754 banc
917 2701 1042 2779 partem
1059 2689 1222 2758 doetrinae
1243 2693 1292 2758 vel
1311 2694 1466 2761 mediocri
1485 2697 1581 2762 laude

406 2799 589 2866 tuebantur.
639 2797 812 2862 Affluentes
838 2794 1116 2884 praestantissimis
1143 2796 1322 2885 praesidiis,
1347 2821 1446 2888 quum
1469 2801 1579 2868 llisto·

406 2906 488 2972 vicos
506 2924 629 2980 omnes,
642 2898 805 2980 Oratores,
817 2899 980 2979 (lomicos,
997 2899 1228 2969 Anvsvovntmt
1243 2917 1274 2970 et
1291 2903 1581 2985 TunoPnnssvum

406 3024 438 3078 et
468 3007 627 3102 quidquid
656 3007 735 3072 olim
762 3006 939 3073 doctissimi
965 3007 1168 3097 Peripatetici
1187 3012 1412 3102 etantiquarii
1435 3016 1580 3106 scripsis-

405 3127 490 3195 sent,
509 3114 664 3181 habevent
682 3111 887 3190 admanum,
903 3111 944 3177 de
962 3111 1216 3202 Antiquitatibus
1235 3116 1347 3182 Atticis
1363 3131 1427 3184 tam
1447 3120 1527 3186 levia
1545 3134 1579 3188 et

404 3222 509 3288 futilia
537 3232 602 3285 tam
627 3220 734 3284 ieiune
754 3231 786 3284 et
805 3218 1006 3308 negligenter
1026 3218 1259 3309 scriptitarunt,
1291 3235 1327 3288 ut
1345 3225 1406 3289 nisi
1425 3224 1484 3314 ipsi
1505 3226 1576 3290 An·

404 3325 560 3417 tiquitatis
588 3323 740 3413 reliquias
771 3323 850 3414 (tam
874 3325 1000 3412 exiguas
1028 3335 1059 3388 et
1087 3325 1198 3416 inopes
1219 3349 1294 3417 prae
1320 3330 1445 3394 illorum
1466 3331 1572 3421 copia)

403 3434 518 3501 melius
537 3441 569 3496 et
590 3430 695 3496 sanius
713 3430 917 3519 interpretari
935 3442 968 3495 et
987 3442 1136 3496 excutere
1158 3432 1349 3513 valeremus,
1371 3436 1577 3525 Antiquitatis

405 3538 532 3606 Atticae
562 3537 703 3603 studium
735 3537 858 3602 ludicra
884 3558 932 3601 res
960 3537 1053 3602 soret.
1104 3535 1273 3608 Lucmuns
1295 3554 1328 3606 et
1350 3543 1465 3608 caeteri
1487 3541 1576 3608 llbe-

402 3659 486 3712 tores
514 3656 545 3710 et
574 3642 744 3733 Sophistae
771 3641 876 3705 minus
905 3642 1001 3707 etiam
1032 3665 1127 3733 quam
1157 3643 1209 3711 isti
1236 3648 1320 3714 inter
1348 3648 1516 3739 legendum
1541 3647 1574 3714 id
1617 3663 1620 3668 '

402 3751 538 3842 agebant
557 3760 593 3814 ut
611 3748 780 3838 antiquum
800 3767 906 3812 rerum
926 3758 1043 3813 statum
1064 3761 1095 3814 et
1116 3752 1243 3816 nomina
1264 3743 1296 3818 et
1316 3755 1410 3820 verba
1432 3754 1573 3845 legitima

401 3869 434 3924 et
452 3855 607 3946 con'cepto
630 3853 918 3918 animadverterent
936 3851 975 3917 ad
996 3853 1198 3922 imitandum.
1247 3857 1360 3948 Magna
1381 3857 1478 3948 igitur
1498 3881 1570 3927 cum

401 3964 549 4030 libertate
581 3959 749 4026 mutabant
776 3972 808 4025 et
836 3957 1080 4024 confundebant
1107 3983 1188 4050 quae
1208 3962 1285 4028 olim
1305 3965 1337 4028 in
1360 3964 1466 4031 Attica
1487 3979 1573 4032 certa

401 4081 433 4135 et
452 4067 588 4134 discreta
604 4066 754 4145 luissent,
773 4077 806 4132 et
825 4064 945 4154 siquid
963 4087 1027 4130 non
1048 4067 1215 4132 commode
1235 4069 1478 4136 recordarentur
1496 4071 1573 4136 snb-

401 4174 577 4241 stituebant
608 4173 775 4264 quodlibet
803 4193 922 4237 nomen
940 4184 997 4236 aut
1016 4172 1057 4238 ab
1078 4173 1259 4262 aequalium
1281 4197 1339 4242 usu
1359 4187 1499 4244 sumtum
1518 4189 1574 4242 aut

400 4294 521 4347 temere
544 4282 663 4345 lictum.
703 4276 744 4341 At
763 4277 915 4367 quoniam
935 4277 984 4343 vel
1004 4278 1049 4342 sie
1068 4277 1125 4342 illa
1144 4280 1260 4370 scripta
1279 4282 1479 4348 auditoribus
1498 4285 1572 4349 satis

399 4387 588 4479 placebant,
603 4407 669 4450 non
688 4382 857 4450 videbatur
870 4405 949 4472 opus
968 4383 1050 4450 bene
1072 4381 1167 4463 scire,
1184 4385 1217 4450 in
1238 4386 1354 4477 quibus
1376 4401 1447 4454 tuto
1467 4411 1571 4455 errare

401 4493 533 4571 licebat,
553 4504 587 4557 et
608 4491 716 4558 nullus
736 4512 824 4556 error
843 4489 945 4579 turpis
966 4489 1151 4556 habebatur.
1177 4489 1278 4576 Quam
1300 4495 1437 4561 suaviter
1456 4495 1572 4562 rideret

401 4599 589 4678 LuctanoS,
612 4598 638 4664 si
659 4619 740 4688 quos
758 4619 795 4662 ex
814 4595 877 4660 suis
896 4595 1023 4685 scriptis
1044 4597 1162 4664 Atticas
1186 4596 1401 4690 Antiquitates
1421 4602 1573 4692 colligere

401 4716 433 4769 et
460 4703 620 4796 explicare
654 4705 763 4770 sciret!
820 4698 915 4790 Apud
951 4713 1069 4768 veteres
1098 4724 1190 4768 suum
1222 4706 1339 4794 cuique
1366 4707 1412 4776 rei
1442 4707 1473 4772 in
1504 4708 1573 4773 iure
