3767 5717
974 597 1016 662 80

407 769 723 856 distortareiingens
743 770 937 837 cincturae
958 789 1103 835 normam
1117 776 1148 834 et
1165 769 1351 834 Graecorum
1377 768 1490 834 usum?
1516 769 1595 836 Bar·

408 897 505 942 renus
538 883 646 942 autern
674 876 793 963 raptim
818 876 949 942 Lucrino
974 873 1082 944 'semel
1106 875 1289 960 iterumque
1321 874 1459 962 perlecto
1489 881 1541 953 et,
1568 881 1598 941 si

412 981 490 1069 quid
526 981 587 1048 sihi
619 983 704 1048 inter
727 980 898 1067 tegendum
919 979 1044 1051 subitae
1066 981 1277 1052 correctionis
1300 980 1332 1044 in
1370 987 1512 1046 mentem
1546 1000 1599 1048 ve·

306 1076 316 1096 ⁸
412 1089 534 1167 nisset,
566 1094 728 1164 annotato,
758 1106 875 1153 novum
907 1085 1027 1154 librum
1054 1087 1237 1174 properavit
1261 1085 1373 1163 edere,
1397 1105 1536 1171 namque
1561 1106 1599 1152 eo

409 1193 521 1258 morho
553 1191 691 1269 laborat,
729 1211 827 1278 quem
856 1189 1087 1269 maledicere
1128 1190 1233 1259 vernis
1261 1190 1434 1258 maximam
1474 1198 1598 1277 partem

407 1295 647 1384 Epicharmeis:
734 1352 738 1367 .

499 1405 532 1470 οὐ
556 1401 827 1484 <praemissis
843 1400 941 1476 Ιἐσσὶ,
966 1400 1051 1482 ἔχεις
1075 1399 1176 1478 νίσον,
1197 1402 1320 1484 χαίρεις
1344 1401 1488 1476 ἐνδιδούς.

408 1526 534 1593 exque
568 1527 604 1573 re
634 1507 734 1581 honae
754 1506 885 1581 litterae
913 1513 945 1570 et
973 1526 1028 1584 ars
1050 1507 1163 1574 critica
1189 1527 1252 1574 non
1286 1505 1425 1574 multum
1458 1507 1591 1592 capiunt

409 1610 627 1678 emolumenti.
686 1611 740 1678 Sic
766 1613 853 1688 enim
886 1618 1032 1679 monstra
1057 1617 1089 1676 et
1121 1619 1269 1697 portenta
1299 1613 1534 1698 scripturarum
1564 1620 1602 1678 ct·

410 1718 587 1785 lectionum
619 1717 652 1781 in
677 1716 808 1782 Lucieno
829 1717 1033 1788 inveterant,
1060 1735 1142 1801 quae
1173 1715 1358 1802 diligentior
1387 1724 1418 1782 et
1442 1719 1599 1782 intentior

411 1822 562 1889 editionis
594 1840 673 1886 cura
707 1820 969 1910 deprehendisset
1002 1828 1035 1890 et
1062 1831 1275 1907 procurasset.
1335 1821 1420 1890 Dabo
1455 1823 1597 1908 primum

413 1927 558 2014 exempla
582 1925 765 2012 quaedam„
784 1948 824 1995 ne
857 1927 1020 1995 immerito
1053 1925 1202 1994 Lucienus
1231 1927 1411 2013 plectatur,
1437 1928 1490 1996 ubi
1526 1928 1600 1995 deli·

412 2038 553 2120 querunt
583 2031 656 2108 atii,
690 2030 806 2113 dcipde
825 2034 927 2119 ipsius
954 2051 1079 2117 errores
1103 2031 1257 2117 quosdam
1285 2040 1317 2098 et
1340 2034 1418 2101 vitia
1442 2033 1598 2100 indicabo.

410 2139 545 2224 Legitur
569 2143 632 2213 51,
662 2141 693 2202 8.
725 2137 777 2205 ἐπὶ
809 2140 864 2214 τήν
891 2139 993 2220 σίρχήν
1016 2137 1206 2221 ἀφικόμενος
1235 2133 1269 2204 εὗ
1292 2135 1347 2204 οἶδ’
1368 2135 1413 2205 ὅτι
1432 2140 1599 2222 ,ἀπορήσεις

410 2244 464 2309 καὶ
485 2244 539 2321 ἤδη
568 2244 714 2323 σίτορεῖσ,
738 2242 886 2324 ὁποτέραν
909 2243 1148 2326 τραπκτὲσν,
1195 2242 1363 2312 Neminem
1386 2243 1524 2312 advertit
1548 2263 1598 2310 ex·

411 2356 516 2414 trema
540 2347 704 2414 barbaries
734 2346 767 2412 in
798 2349 980 2430 τραπιιτὲρν.
1029 2348 1180 2433 Corripe:
1204 2348 1351 2430 ὃποτίραν
1374 2349 1486 2432 speinis.
1517 2349 1594 2440 Foe-

411 2452 485 2518 dius
514 2453 611 2518 etiarn
641 2460 682 2530 5,
711 2458 765 2518 47.
796 2453 942 2522 retinuit.
962 2454 1122 2524 Berrcnus
1147 2452 1245 2536 Φόνου
1278 2453 1371 2535 σοίχα
1391 2456 1600 2537 προσκεκλήτιρ

410 2583 466 2638 με.
514 2559 603 2639 Quod
626 2559 775 2640 Lueuuus
805 2558 935 2644 scripsit
963 2560 1232 2642 reposcorreposcor
1258 2577 1321 2622 non
1352 2566 1440 2626 caret
1462 2579 1591 2628 errore:

413 2661 580 2748 significat
604 2667 690 2754 enim
719 2663 830 2744 ἔσομαι
854 2665 1119 2747 προσκενιικαένσς
1138 2672 1260 2731 etnnn
1284 2662 1344 2731 hoc
1365 2665 1464 2732 Troos
1483 2665 1602 2750 cogitat

412 2766 469 2833 sed
491 2772 774 2852 προσκκήίήσομαι,
821 2769 922 2856 Saepe
951 2771 983 2839 in
1005 2770 1110 2850 ‘hunc‘
1128 2789 1269 2849 errorent
1294 2768 1443 2837 incidunt
1475 2771 1599 2856 sequio-

410 2892 482 2949 res,
505 2893 683 2966 numqueap
705 2885 843 2966 veteres
882 2876 1082 2953 Notavimus.
1110 2876 1154 2943 iu.
1172 2877 1381 2950 Amreueorr,
1403 2875 1435 2940 in
1469 2874 1601 2942 Lucrino

413 2997 508 3064 saepe
536 2979 733 3066 deprehendi
766 2988 802 3046 ut
829 2985 870 3046 47
883 3029 900 3056 ,.
921 2985 973 3047 14.
1003 2975 1099 3045 αὗται
1132 2981 1163 3046 δὲ
1187 2980 1218 3052 ἐς
1243 2976 1344 3060 ίίεερον
1369 2979 1601 3058 δεδικάσονται,

412 3082 470 3146 ubi
496 3084 768 3160 εἀδικασίήσονται
796 3083 920 3163 dietum
952 3084 1105 3168 oportuit.
1152 3083 1221 3152 Non
1253 3085 1363 3156 minus
1396 3084 1524 3152 foedum
1553 3096 1602 3152 est

416 3189 481 3263 66,
516 3190 649 3279 iecori
667 3212 718 3269 μοι
743 3189 860 3264 δοκεῖτε
891 3190 935 3262 εἷο
959 3189 1054 3257 κακὸν
1083 3189 1388 3267 διατεθήσεσθαι
1412 3193 1467 3268 τήν
1491 3191 1604 3274 διατρι-

414 3291 476 3370 βήν
500 3311 558 3378 pro
581 3294 795 3386 praeparetur„
832 3292 970 3363 Librarii
994 3303 1168 3379 peccarunt
1193 3296 1231 3361 in
1257 3295 1382 3374 Timone
1409 3293 1508 3374 §tie
1539 3298 1603 3364 διώ-

416 3419 526 3478 ρυκται
551 3417 612 3486 ρει)
628 3398 841 3485 διοριίρνκται,
868 3403 1002 3482 tute
1032 3400 1276 3486 dctppciroupro
1308 3402 1520 3484 ὀοφραίνεται.
1566 3403 1603 3467 In

417 3505 483 3575 57,
505 3507 559 3568 55.
584 3503 692 3570 editur
714 3505 873 3595 ciproipar
889 3503 937 3578 ἂν,
951 3504 1013 3580 einr
1035 3506 1127 3570 eones
1151 3506 1209 3572 ὑπὸ
1230 3507 1342 3587 ἰχθύσιν
1367 3509 1603 3583 καταδασίῆ·

416 3630 477 3672 ναι
500 3609 664 3699 τοσούτους
689 3611 782 3685 αὐτὸς
804 3611 895 3693 ixdie
919 3611 1142 3692 susciperes,
1165 3631 1221 3696 pro
1244 3612 1496 3689 καταδασίήναι,
1518 3613 1603 3700 quod

414 3733 457 3779 ne
489 3713 641 3784 Graccum
664 3716 794 3801 quidem
823 3723 891 3794 εει,
919 3715 1054 3798 emenda
1076 3718 1307 3794 succurrerem.
1356 3717 1517 3785 Scribitur
1537 3723 1602 3797 58,

417 3823 469 3885 14.
492 3819 669 3897 οίνοιγείσκσ
692 3821 828 3914 barbare
846 3845 905 3912 pro
927 3827 1121 3908 ἀνοιχθείσης
1145 3831 1178 3890 et
1201 3822 1335 3902 barbare
1366 3828 1426 3900 70,
1452 3829 1504 3892 11.
1531 3827 1602 3890 εὐα-

415 3925 578 4003 χήσοονται
603 3925 658 3991 utri
682 3946 821 4014 repone:
840 3927 925 4005 ὅπως,
943 3932 1063 3998 ίύσονσι
1087 3930 1139 3996 καί
1163 3930 1384 4008 εὐωχήσονται.
1410 3928 1477 3994 Neu
1496 3929 1603 3996 melio·

419 4029 467 4092 ris
492 4036 586 4095 notae
608 4029 726 4100 ibidem
752 4033 873 4120 iegitur
901 4035 1035 4112 verbum
1059 4034 1190 4119 abipso
1216 4031 1359 4100 Beriarac
1382 4033 1496 4100 fictum
1518 4057 1605 4115 pccc-

416 4139 574 4213 χιτιονῶνε
599 4132 753 4222 debuerat
782 4142 953 4223 μονοχίτων
987 4142 1024 4212 νίν
1060 4138 1146 4204 dare.
1195 4135 1362 4208 soloecon
1388 4147 1437 4204 est
1465 4144 1601 4217 60,16.

415 4238 492 4323 Φέρε
519 4241 760 4322 ἀπολογήσομαι
796 4265 853 4331 pro
884 4248 1135 4324 ἀπολογήσωμαι
1162 4249 1195 4308 et
1218 4247 1278 4323 65,
1304 4250 1333 4310 7.
1366 4247 1600 4327 προκατεδεῖται

416 4362 475 4431 pro
502 4348 725 4427 προκατίδεται
758 4357 789 4413 et
821 4355 885 4426 67,
911 4356 950 4424 7,
978 4355 1007 4416 5.
1044 4351 1289 4432 καταλείψασαν
1322 4370 1380 4436 pro
1407 4358 1601 4418 καταλιποῦ-

416 4474 498 4528 σαν,
533 4451 653 4518 ibidem
676 4453 760 4517 maie
782 4457 889 4536 προσίῃ
912 4454 1031 4540 iegitur
1055 4475 1111 4540 pre
1139 4457 1297 4536 προσίεται
1320 4463 1353 4521 et
1378 4458 1601 4535 οίπεραίκτισας

415 4574 474 4640 pro
494 4558 762 4639 οίπεμνκτήρισασ.
812 4560 964 4645 Turpiter
982 4561 1090 4628 editur
1113 4566 1179 4640 67,
1203 4567 1263 4638 15,
1289 4566 1319 4628 6.
1344 4568 1531 4644 πρυτανεῦσι
1546 4584 1603 4650 pro

418 4661 594 4741 προτοίνεσι.
642 4663 797 4750 Suspecta
832 4665 913 4732 nrihi
938 4669 1109 4736 cdnrodunr
1135 4667 1236 4734 scruta
1257 4676 1325 4748 est,
1354 4689 1435 4756 quae
1460 4671 1601 4736 occurrit
