3767 5717
899 539 965 604 28⁷

806 789 972 862 crrur
1007 789 1049 860 x.
1092 745 1095 752 ⁴
1150 831 1158 852 .

385 1050 488 1117 Venio
514 1071 602 1116 nuno
630 1049 670 1116 ad
691 1067 811 1116 norum
838 1046 1097 1115 obserrationurn
1117 1069 1235 1137 genus,
1264 1047 1351 1138 qnod
1372 1048 1512 1140 pertinet

331 1155 379 1222 ad
407 1155 596 1246 expellenda
624 1153 857 1230 additamenta,
889 1153 1174 1242 interpretamenta
1204 1164 1236 1217 et
1262 1153 1510 1244 cuiuscumque-

336 1261 427 1328 modi
454 1261 664 1342 emblemata,
697 1281 779 1350 quae
799 1270 994 1326 correctores
1015 1270 1047 1324 et
1066 1258 1201 1324 lectores
1222 1257 1328 1322 inritis
1347 1260 1510 1349 scriptori-

332 1365 395 1431 bus
423 1366 595 1433 obtrudere
624 1366 739 1432 solent.
789 1365 906 1430 Nullus
938 1365 1076 1454 scriptor
1104 1363 1244 1430 Graecus
1269 1375 1324 1428 aut
1349 1364 1510 1430 Romanus

336 1493 403 1536 non
431 1483 479 1537 est
506 1474 624 1562 possim
642 1471 824 1557 istiusmodi
843 1469 968 1536 mendis
989 1481 1021 1534 et
1040 1470 1174 1534 maculis
1194 1469 1379 1558 inquinatus
1400 1483 1431 1535 et
1452 1495 1511 1561 op·

334 1575 463 1665 pietus,
494 1577 766 1667 quemadmodum
794 1577 902 1642 nullus
927 1575 1163 1666 propemodum
1183 1587 1230 1640 est
1251 1574 1333 1643 iiber
1353 1575 1510 1666 scriptur,

334 1681 369 1744 in
387 1703 456 1770 quo
475 1705 540 1748 nun
561 1694 712 1774 appareat
735 1682 792 1748 illa
812 1681 1006 1760 annotandi,
1030 1681 1217 1772 supplendi,
1242 1682 1438 1770 corrigendi,
1458 1684 1509 1748 in-

337 1787 535 1875 terpretandi
552 1786 770 1866 eormerndo,
786 1810 852 1877 qua
870 1787 997 1852 Veteres
1017 1810 1126 1852 onmes
1146 1789 1230 1854 inter
1250 1787 1420 1876 legendnm
1438 1800 1511 1853 ute-

332 1890 460 1958 bantur.
501 1893 546 1959 Ut
567 1893 724 1983 cuiusque
744 1894 868 1960 animus
890 1892 1030 1960 lectione
1051 1905 1288 1972 commoretur,
1307 1894 1351 1958 ita
1369 1894 1401 1960 in
1426 1917 1510 1958 mar-

328 1996 407 2084 gine
434 1998 582 2087 'appingit
612 2005 737 2078 καλῶς,
774 2001 900 2079 ὡραῖον,
937 1998 1110 2080 φρονίμως,
1144 2000 1265 2074 estro,
1298 2010 1353 2064 aut
1386 1998 1506 2088 aliquid

328 2100 518 2168 :huiusmodi
544 2124 609 2191 quo
639 2102 723 2167 lecta
752 2103 886 2192 probet3
918 2123 1162 2191 nonnumquam
1191 2113 1223 2166 et
1248 2102 1510 2192 indignabundus

329 2205 524 2296 obloqnitur
545 2208 694 2296 scriptori
713 2220 746 2272 et
765 2207 857 2298 qnasi
878 2229 951 2274 cum
972 2230 1012 2272 eo
1034 2208 1275 2298 colloqueretur
1299 2209 1428 2298 reponit
1450 2209 1510 2274 ali-

325 2313 412 2402 quid
440 2313 491 2379 rei
518 2334 593 2378 cunr
621 2313 768 2378 conrioio
789 2326 818 2391 ¹,
847 2326 903 2378 aut
924 2313 1011 2403 quod
1033 2313 1111 2403 legit
1130 2337 1204 2380 cnm
1226 2315 1290 2380 suis
1311 2317 1510 2406 temporibus

328 2429 496 2506 comparat
521 2429 557 2482 et
584 2417 749 2508 querelam
778 2417 913 2506 apponit
930 2431 964 2497 2,
991 2418 1136 2508 denique
1162 2420 1314 2484 omnibus
1336 2421 1448 2486 modis
1474 2432 1509 2486 ut

332 2521 417 2586 inter
443 2522 612 2611 legendum
642 2522 767 2588 animus
798 2524 928 2588 affectus
955 2523 1071 2601 luerit,
1098 2524 1210 2614 ,paucis
1234 2526 1266 2590 in
1285 2526 1428 2615 margine
1451 2527 1509 2592 ad-

327 2627 452 2694 scribit.
502 2628 588 2692 Alias
617 2627 676 2693 toti
696 2627 823 2692 suntin
846 2627 1110 2716 interpretatione
1132 2628 1305 2696 verborum
1324 2641 1355 2696 et
1377 2644 1506 2700 senten-

325 2732 461 2812 tiarum,
493 2732 654 2800 vocabulis
676 2732 916 2822 antiqnioribus
933 2745 967 2797 et
987 2732 1139 2798 obsoletis
1164 2734 1351 2800 adscribunt
1370 2760 1450 2804 nora
1472 2751 1505 2804 et

323 2856 423 2920 nota,
457 2842 573 2930 quibus
601 2862 750 2930 praesens
778 2850 864 2904 aetas
894 2850 1056 2918 uteretur3
1088 2840 1113 2904 si
1139 2839 1217 2930 quid
1238 2841 1403 2908 obscurius
1424 2844 1503 2909 sori·
1602 2845 1606 2854 '

323 2959 421 3038 ptum
442 2947 568 3014 ridetur
586 2945 814 3037 interpolando
831 2945 1007 3035 expediunt
1025 2944 1163 3025 seilicet3
1182 2946 1207 3011 si
1227 2947 1372 3038 quidest
1393 2962 1504 3038 arguta

326 3051 481 3116 brevitate
508 3051 649 3132 dictum,
677 3050 719 3116 de
743 3073 802 3116 suo
826 3051 979 3141 supplent
1006 3050 1143 3140 aliquid3
1177 3053 1202 3118 si
1224 3066 1355 3142 quaest
1385 3055 1506 3146 ellipsis

325 3157 501 3246 elegantior
520 3157 566 3222 ita
585 3156 713 3245 explere
734 3155 874 3236 ridebis,
898 3169 934 3223 ut
954 3157 1111 3246 magistris
1131 3157 1272 3240 ridetur;
1292 3162 1319 3227 si
1338 3162 1425 3252 quod
1444 3187 1507 3230 no·

325 3283 419 3340 men,
442 3263 552 3351 si'qua
570 3285 618 3328 res
637 3262 734 3352 paulo
754 3263 861 3341 minus
882 3275 960 3330 nota
981 3277 1266 3346 commemoratur,
1288 3281 1438 3358 paratum
1454 3275 1502 3336 est

323 3368 654 3456 interpretamentum.
707 3367 854 3457 Denique
883 3369 942 3436 ubi
977 3369 1133 3460 scriptura
1164 3371 1287 3438 laborat
1317 3373 1502 3440 incredibili

328 3471 460 3538 audacia
479 3484 511 3536 et
531 3473 712 3538 temeritate
732 3486 913 3562 pascantur
927 3485 960 3538 ct
979 3472 997 3538 d
1014 3497 1044 3540 τι
1064 3499 1116 3538 κεν
1135 3476 1186 3540 ἐπ’
1200 3477 1375 3558 ἀκαιρίμαν
1394 3483 1499 3556 γλῶτ-

334 3644 563 3658 ---ιι

357 3722 377 3791 ¹)
394 3724 540 3774 Ennrrrnns
556 3721 665 3773 Oresten
683 3721 808 3771 dicentem
824 3721 884 3771 iacit
901 3722 927 3771 in
945 3721 1096 3785 cognomine
1111 3719 1254 3784 Tragoedia
1269 3737 1307 3774 re.
1326 3723 1384 3775 ⁵47.

396 3859 401 3863 ,
575 3805 643 3856 tirso
662 3805 813 3874 discerptis
830 3808 926 3856 τέκνον
944 3805 993 3856 οὐκ
1012 3807 1058 3874 ἄτη
1076 3802 1138 3858 ποτ’
1159 3805 1202 3857 dr.

321 3894 349 3944 in
366 3892 458 3946 Cottae
474 3893 585 3958 quodam
602 3893 715 3942 additur:

575 3976 642 4028 doro
661 3975 691 4026 δὲ
710 3978 811 4043 μητρὸς
827 3973 898 4036 πῶς,
917 3974 1040 4043 κάθαρμ’
1057 3974 1217 4042 Εὐριπίδης

319 4066 344 4110 et
361 4075 435 4124 saepe
451 4060 569 4113 monaehi
589 4063 724 4110 Inmunis
747 4067 772 4110 et
793 4061 939 4111 Lucrasnrr
963 4061 1081 4111 conviciis
1106 4061 1270 4110 insectenturr
1295 4076 1346 4111 non
1364 4073 1496 4116 rorarunt

319 4130 340 4192 oi
359 4146 514 4212 κατάρατε,
536 4129 555 4192 ri
572 4143 716 4212 κάθαρμα,
735 4128 755 4192 oi
770 4144 909 4210 ἀλιτήριε,
925 4126 946 4192 oi
961 4145 1056 4212 pragi,
1074 4127 1094 4192 oi
1111 4144 1193 4210 γόης,
1213 4126 1361 4208 ripoinum,
1381 4131 1495 4211 durior,

313 4231 407 4296 quibua
431 4231 489 4294 piae
512 4231 612 4280 animae
635 4231 663 4280 i'n
685 4243 759 4280 uenus
781 4231 917 4280 sentientes
941 4230 1134 4280 debacchantur.
1170 4231 1213 4282 Sic
1234 4231 1261 4281 in
1284 4231 1401 4293 Scholia,
1424 4236 1493 4300 quod

311 4316 406 4367 *Editor
422 4315 507 4378 legere
524 4330 577 4365 non
594 4315 678 4378 potuit·
691 4301 736 4364 sed
752 4322 886 4380 utcumque
903 4315 992 4366 duetus
1009 4315 1150 4364 litterarum
1172 4315 1308 4366 delineavit
1325 4331 1349 4380 p.
1369 4321 1419 4366 217
1427 4354 1434 4378 ‚
1458 4318 1492 4368 ie·

315 4403 395 4465 gitur:
415 4402 494 4462 udor,
515 4400 570 4456 πῶς
588 4399 743 4465 σολοικίζων
759 4402 809 4450 νῦν
827 4400 876 4449 οὐκ
893 4400 976 4464 ἔγνως
992 4400 1039 4450 τὸν
1057 4400 1271 4464 κορυφαιότατοκ
1287 4401 1442 4466 προφίρανς

310 4469 316 4478 ’
352 4478 373 4551 ²)
391 4485 434 4536 Sic
451 4480 589 4534 monachus
605 4483 633 4532 in
651 4480 754 4532 Schoiio
766 4483 804 4532 ad
821 4484 965 4533 Luerrtunrr
985 4500 1009 4549 p.
1029 4489 1070 4534 94.
1089 4484 1271 4534 monachorum
1286 4499 1345 4535 suae
1362 4487 1450 4536 aetatis
1468 4495 1493 4539 ot

313 4569 488 4633 episcoporum
503 4580 588 4618 morer
603 4567 755 4631 perstringit.
789 4565 823 4616 In
839 4565 982 4618 &meum
999 4567 1055 4616 loeo
1072 4565 1101 4615 de
1117 4563 1222 4633 Legibus
1237 4567 1288 4618 111.
1304 4571 1333 4630 8,
1354 4571 1377 4620 t.
1395 4570 1494 4622 coelibes

319 4652 535 4718 mprotiterto,
553 4652 640 4722 ausui
653 4650 775 4704 monaehi
790 4651 949 4704 udeuibnntr
967 4649 1058 4719 optimo
1075 4649 1120 4702 tre.
