3767 5717
823 657 885 721 105

312 829 446 915 Pergam
467 811 704 896 bociamlocos
735 827 970 916 complusculus
994 825 1157 906 iudicare,
1182 829 1236 896 ubi
1267 827 1448 917 syntectica

267 934 350 998 ratio
378 932 630 1000 describentium
658 931 803 1000 socordia
825 934 942 999 vitium
966 933 1151 1019 concepisse
1173 933 1331 1001 videatur,
1377 931 1447 998 Non
1485 961 1488 966 ·
1579 941 1591 960 ·

264 1035 357 1103 facile
380 1038 510 1105 credam
538 1037 598 1124 ipsi
628 1037 761 1103 Lucrino
792 1037 939 1104 excidere
964 1039 1107 1126 potuisse
1134 1037 1218 1125 quod
1242 1038 1362 1124 legitur
1383 1041 1447 1114 16,

197 1162 202 1168 ’
267 1146 320 1206 17.
343 1145 398 1208 σθαι
423 1139 509 1224 εἶχεν
536 1138 617 1215 ὅπως
637 1143 851 1218 καταπαθσω,
885 1163 986 1229 quum
1009 1144 1092 1210 ratio
1120 1149 1153 1210 et
1179 1163 1258 1209 usus
1281 1142 1450 1230 requirant

263 1247 509 1326 καταπαύσαιμι
533 1249 577 1313 et'
596 1246 684 1312 nihil
700 1249 744 1314 sit
766 1246 851 1334 apud
880 1257 1005 1314 veteres
1036 1247 1096 1314 hac
1126 1247 1287 1314 locutione
1315 1247 1449 1324 tritius,

263 1351 320 1436 qui
342 1350 486 1431 σῦκ’ἔχω
508 1347 778 1433 ὅπωςχρήεωμαι
798 1352 947 1419 dicebant
966 1361 1001 1418 et
1024 1356 1078 1419 αθιι
1103 1347 1189 1434 εἶχεν
1213 1349 1294 1426 ὅπως
1316 1350 1448 1434 χρήσαθ-

263 1454 348 1532 μήν’
383 1453 514 1521 Scribas
545 1476 640 1543 saepe
671 1477 730 1543 pro
756 1460 923 1539 χρήσωμαι
951 1455 1028 1523 (lare
1055 1455 1157 1522 solent
1187 1458 1366 1538 χρήσωμαι,
1390 1454 1447 1522 sed

266 1559 428 1626 neminem
450 1558 514 1625 iere
534 1559 658 1628 fallunt.
688 1561 821 1641 Ὀπωρ,
843 1558 930 1636 ὅτις,
956 1557 1037 1639 θ’τι,
1058 1560 1185 1640 θπθθεν,
1209 1560 1298 1640 θπιι,
1318 1559 1389 1627 ἔνθα
1413 1567 1447 1626 et

262 1663 381 1730 similia
410 1662 529 1729 habent
552 1667 815 1745 coniunctivum,
839 1667 894 1733 ubi
912 1668 1099 1753 praecessit
1131 1667 1273 1752 negatio,
1302 1665 1358 1731 ubi
1382 1685 1446 1730 non

261 1768 435 1857 praecessit
454 1767 528 1858 boni
556 1769 730 1856 scriptores
753 1779 939 1837 constanter
962 1767 1082 1837 suturis
1104 1769 1272 1837 indicativi
1296 1775 1445 1836 utuntur.

229 1924 231 1935 .
260 1873 462 1963 Quicumque
482 1873 542 1940 hoc
565 1876 743 1944 sexcenties
766 1875 864 1954 vidit,
887 1883 946 1942 aut
966 1874 1051 1941 inter
1083 1873 1256 1962 legendum
1276 1893 1374 1962 quam
1401 1873 1445 1940 sit

260 1987 349 2046 certa
369 1978 449 2044 haec
466 1979 549 2044 ratio
579 1979 719 2065 experiri
746 1980 829 2048 tolet
841 1992 851 2057 ,
877 1999 1008 2046 mecum
1032 1979 1193 2048 Pnaruusu
1215 1981 1248 2046 in
1272 1979 1446 2067 Protcpcrc

260 2103 291 2168 p.
316 2086 381 2148 348
404 2083 441 2148 ll.
477 2084 565 2169 turpi
595 2085 673 2150 titio
698 2084 857 2153 liberabit.
893 2084 1022 2152 'Editur
1051 2087 1170 2167 περιϊὼν
1193 2083 1282 2166 ζητεῖ
1298 2080 1356 2167 irps
1378 2083 1445 2150 ἐπι·

260 2185 485 2268 δεθξήταιιιαὶ,
499 2189 568 2267 μεθ’
590 2185 660 2255 ὅταν
677 2191 917 2271 βεβαιώσηται,
948 2209 1011 2257 nott
1033 2189 1137 2276 potuit
1161 2187 1370 2277 philosophus
1388 2186 1446 2253 ali·

258 2301 311 2359 ter
343 2291 486 2358 scribere
506 2313 605 2380 quam
628 2294 816 2373 ἐπιδείξεται
845 2303 878 2361 et
906 2294 1144 2376 βεβαιώσεται,
1170 2290 1445 2380 quemadmodum

257 2395 345 2484 apud
373 2397 596 2464 Geuosrusrru
624 2407 714 2466 recte
735 2400 894 2486 scriptum
922 2408 973 2465 est
1004 2398 1045 2464 de
1074 2399 1191 2466 δωεοιια
1215 2418 1246 2483 ρ.
1274 2400 1361 2476 250,
1390 2403 1444 2466 16.

258 2502 349 2583 ἑτέρῳ
367 2501 393 2565 δ’
422 2498 481 2583 ὅτῳ
506 2503 601 2569 κανθν
620 2527 651 2569 τι
681 2504 816 2583 δώσομεν
834 2503 939 2584 ζητεῖν
962 2512 994 2569 ct
1018 2503 1138 2589 passim
1163 2501 1248 2589 apud
1268 2501 1359 2569 alios.
1406 2501 1443 2572 ln

259 2604 380 2670 talibus
397 2605 546 2671 Graeculi
574 2607 725 2673 errabant
748 2616 807 2673 aut
831 2606 967 2672 Romani
999 2607 1119 2674 Graece
1141 2605 1377 2685 balbutientes,
1410 2615 1447 2674 ut

259 2709 414 2775 Actiacos
432 2709 466 2773 in
492 2707 647 2774 V.‘H.111.
676 2715 730 2778 10.
744 2714 798 2777 oda
816 2707 903 2791 εἶχεν
925 2709 992 2776 ὅποι
1016 2711 1092 2776 πετὲ
1111 2712 1205 2777 αὑτὸν
1225 2709 1442 2792 saracenica,

262 2814 401 2882 Graecos
416 2814 516 2899 ipsos
539 2812 682 2880 eruditos
703 2815 744 2881 ab
771 2813 955 2883 istiusmodi
984 2814 1072 2880 vitiis
1095 2813 1165 2901 ipsa
1184 2811 1376 2882 Graecitatis
1399 2817 1447 2886 in·
1496 2901 1500 2908 Ι

262 2913 439 3004 telligentia
473 2919 553 3002 satis
578 2915 776 2986 defendebat
823 2920 935 3006 ltaque
966 2919 1143 3005 genuinum
1173 2937 1236 2984 non
1265 2927 1329 2998 est,
1363 2920 1449 3008 quod

259 3020 380 3110 legitur
415 3028 526 3100 7,15.
555 3026 589 3090 ιθ
613 3023 677 3106 γὰρ
699 3023 740 3089 ἂν
764 3024 894 3107 εἴχαμεν
919 3025 993 3106 πρὸς
1017 3020 1084 3090 ὅτι
1108 3023 1241 3091 ἔλαττον
1257 3028 1449 3107 παραθεω·

259 3137 372 3213 ρῶμεν
394 3126 526 3205 αὐτόν,
542 3126 597 3194 sed
621 3130 867 3212 παραθεωριῖμεν
893 3129 1113 3198 necessarium
1144 3137 1194 3196 est
1221 3137 1254 3196 ct
1277 3129 1449 3198 altoumuo

259 3235 427 3320 scriptum.
474 3231 616 3299 Verbum
647 3236 888 3318 παραθεωρῶμεν
916 3255 956 3302 ex
979 3233 1075 3301 unico
1100 3233 1183 3299 libro
1198 3229 1267 3300 ‘sed
1290 3235 1446 3323 antiquis·

260 3340 342 3407 simo
368 3341 579 3404 B'se'rrntum
613 3340 704 3428 (nam
736 3341 858 3407 caeteri
888 3359 1001 3406 omnes
1029 3341 1215 3422 πειραθῶμεν
1245 3339 1447 3432 praeierunt)

260 3441 496 3511 restituendum
532 3452 582 3510 est
616 3448 677 3524 20,
701 3450 755 3511 44.
780 3444 836 3511 ubi
860 3443 1017 3511 scribitur
1047 3443 1082 3522 ήν
1105 3446 1151 3525 μή
1176 3445 1445 3530 περιθεωρήτρς

258 3548 405 3623 ἅπαντας
425 3551 536 3627 ἐπιών,
552 3555 586 3614 at
609 3551 791 3636 requiritur
811 3551 1125 3633 παραθεωρήσῃς,
1148 3547 1234 3635 qttotl
1258 3567 1343 3614 unus
1365 3550 1446 3616 liber

258 3655 416 3742 pessimae
444 3656 538 3720 notae
564 3652 682 3719 obtulit
703 3653 759 3720 sed
787 3674 862 3721 cum
888 3661 1021 3721 auctore
1049 3662 1194 3740 spretum
1219 3661 1283 3719 est:
1314 3662 1347 3720 at
1378 3675 1445 3722 sae·

257 3779 316 3846 pe,
348 3766 384 3824 ut
412 3758 451 3822 'iu
476 3757 662 3843 proverbio·
682 3764 748 3836 cat,
774 3759 827 3824 sul
862 3759 961 3841 μωρὸς
988 3759 1062 3840 ἀνήρ
1085 3757 1180 3837 μάλα
1203 3758 1315 3839 καθριων
1343 3756 1446 3840 εἶπεν,

258 3873 292 3931 et
324 3865 556 3947 παραθεωρήσῃς
583 3881 624 3927 ex
656 3882 690 3929 se
710 3863 791 3950 ipso
822 3860 1034 3950 spectandum
1067 3869 1137 3929 erat
1167 3869 1200 3929 at
1231 3862 1442 3949 probandum.

260 3966 381 4035 Ecdcm
408 3965 552 4034 remedio
574 3965 731 4034 utendum
762 3972 818 4046 10,
844 3973 900 4047 11,
928 3970 1018 4035 4.·ιύ
1045 3966 1109 4050 γὰρ
1132 3963 1219 4049 εἶχεν
1242 3965 1313 4035 ἔνθα
1334 3967 1373 4036 ev
1396 3971 1443 4038 δέ·

257 4073 364 4151 ξαιντσ
393 4071 449 4138 ubi
477 4072 519 4138 α’θν
543 4093 562 4139 a
592 4072 677 4139 mala
699 4093 799 4142 manu
816 4081 868 4139 est
891 4079 924 4139 et
954 4071 1223 4160 expungendum,
1253 4074 1301 4140 sic
1325 4083 1358 4142 ct
1380 4081 1442 4158 ld,

260 4185 311 4246 15.
334 4182 390 4245 criu
413 4178 494 4261 ἔχων
507 4179 512 4234 ἶ
525 4180 564 4253 εἐ.
584 4176 604 4244 ὅ
628 4201 658 4244 τι
687 4181 907 4261 ἐρασμιώτερον
936 4179 1030 4244 αὑτὸν
1051 4177 1233 4258 μεταβάλοι
1257 4178 1324 4246 οὐδὲ
1360 4177 1442 4259 ὅπως

256 4283 295 4349 ἂν
328 4283 512 4367 διαφθείρειε
543 4289 598 4350 τοῦ
631 4281 782 4367 'Aspicito
812 4286 868 4360 τήν
887 4283 1041 4367 Φρινριὶν,
1072 4282 1162 4350 vitlcs
1191 4281 1230 4350 ἄν
1260 4285 1442 4354 insiticium

255 4408 339 4463 esse;
371 4390 418 4467 7,
438 4394 469 4455 3.
497 4392 531 4456 σθ
561 4390 627 4473 peip
649 4388 730 4470 ἔχων
760 4388 961 4473 θζωμριὶφιι
998 4384 1063 4455 ὅθεν
1093 4387 1229 4472 ἐξάψει,
1266 4390 1332 4456 imo
1364 4409 1441 4459 vero

256 4492 395 4576 ε’ξαθψειε.
449 4492 693 4562 Eiusdemmodi
715 4491 782 4560 lere
807 4513 900 4562 error
925 4500 975 4560 est
998 4497 1063 4573 41,
1094 4499 1150 4564 58.
1172 4493 1385 4574 tesseracoste
1408 4493 1440 4561 u

254 4600 400 4682 περὶτῶν
425 4599 582 4684 παρόντων
614 4597 634 4666 θ’
661 4623 692 4665 τι
712 4596 881 4689 πρήξωμεν.
927 4598 966 4664 lu
987 4597 1158 4666 Pourattcur
1190 4599 1303 4665 Gutum
1324 4599 1442 4668 maiore
1476 4625 1481 4642 ·

523 4707 526 4711 ·
1231 4711 1243 4750 s
