3767 5717
945 609 1017 674 262·

390 804 449 897 qui
475 801 592 872 XXIV.
617 805 646 872 l.
677 804 712 870 οὐ
735 806 853 870 πολλοῦ
877 800 933 868 δέω
961 800 1055 883 χάριν
1081 800 1167 884 ἔχειν
1191 800 1234 884 τῷ
1255 797 1419 884 κατηγόρῳ
1450 800 1566 869 dixisse

389 923 539 1003 putatur,
571 922 604 976 at
632 931 729 976 nemo
757 906 838 972 dixit
871 927 1024 996 umquem
1055 909 1087 972 οὐ
1116 911 1235 972 πολιοῦ
1265 904 1332 972 δέω.
1381 903 1420 972 ln
1450 903 1570 974 Codice

390 1019 487 1086 unico
509 1029 557 1083 est
578 1022 697 1083 πολλοῦ
719 1015 786 1083 δέω.
835 1011 1010 1079 Graeculus
1027 1011 1084 1102 qui
1102 1011 1229 1078 Ltstaar
1247 1010 1453 1102 interpolavit
1472 1017 1505 1080 οὐ
1526 1013 1567 1079 de

392 1117 450 1192 suo
468 1122 608 1202 addidit;
631 1131 752 1212 quanto
775 1118 893 1186 rectius
911 1117 1019 1196 ὀλίγον
1044 1117 1098 1182 δέω
1117 1118 1314 1185 restituisset.
1364 1118 1433 1202 Qua
1464 1119 1566 1185 forma

392 1228 523 1296 dicendi
548 1239 731 1295 constanter
756 1248 865 1291 omnes
885 1224 919 1289 in
940 1245 978 1288 ea
999 1245 1032 1290 re
1052 1235 1189 1290 utuntur
1208 1223 1441 1304 Athenienses,
1470 1224 1511 1290 ab
1531 1247 1567 1290 ea

338 1319 341 1326 ⁴
393 1333 522 1402 Lrsrtrt
548 1337 650 1401 smel
675 1333 843 1400 descivisse
872 1330 944 1420 quis
973 1329 1105 1397 credet?
1153 1331 1191 1397 ln
1218 1334 1236 1417 §
1263 1336 1313 1397 49.
1343 1332 1503 1412 ὑπέσχετο
1526 1341 1566 1415 τῇ

393 1440 521 1521 πατρίδι
552 1439 623 1504 θέαι
649 1437 808 1519 παρέξεισι
842 1436 876 1501 in
905 1435 1021 1525 tulgus
1053 1447 1165 1502 notmn
1195 1449 1243 1503 est
1271 1436 1418 1502 librarios
1448 1436 1571 1516 verbis,

394 1544 513 1636 quibus
533 1555 645 1634 suapte
663 1555 776 1608 natura
794 1542 946 1608 infinitivi
971 1542 1115 1610 futurum
1135 1543 1371 1609 subiiciendum
1393 1555 1455 1623 est,
1485 1545 1569 1609 aori·
1613 1557 1617 1563 '
1720 1563 1723 1571 ·

395 1660 460 1717 etos
489 1649 591 1714 solere
619 1649 777 1714 subiicere
804 1671 860 1714 sua
890 1647 1002 1714 fraude
1031 1661 1064 1715 et
1091 1649 1341 1739 interpolatione
1366 1648 1494 1715 relictos
1503 1699 1513 1730 ,
1536 1650 1570 1716 in

397 1778 462 1847 qua
489 1778 524 1822 re
551 1777 646 1844 saepe
675 1754 824 1819 immanis
847 1753 1061 1820 barbarismus
1080 1753 1311 1822 homunciones
1333 1753 1450 1843 arguit,
1479 1767 1516 1820 ut
1537 1755 1571 1820 in

395 1859 460 1928 lroc
480 1860 569 1927 locos
590 1858 851 1950 praestantissimi
873 1870 967 1924 testes
988 1860 1122 1940 παρέξαι
1145 1861 1298 1939 afferunt,
1312 1882 1393 1926 unus
1409 1858 1570 1940 παροέξαι,

397 1965 486 2058 quod
517 1988 627 2031 omnes
654 1976 825 2055 respuunt,
859 1976 892 2029 at
919 1963 1022 2029 nihilo
1049 1965 1164 2032 melios
1188 1979 1235 2034 est
1260 1966 1294 2030 in
1323 1965 1422 2030 Lrsm
1452 1962 1494 2030 ll.
1517 1967 1572 2031 21.

396 2068 530 2151 ἐλπίζων
553 2069 786 2146 δουλωσασθαι,
812 2067 884 2134 ΧΠ.
908 2071 958 2134 te.
983 2067 1072 2150 ᾥοισο
1097 2073 1286 2147 κτήσασθαι.
1324 2068 1464 2135 xilla.
1487 2070 1573 2150 νομί-

398 2173 501 2255 ζοντες
524 2174 785 2248 κασαςήσαοθαι,
812 2175 830 2258 §
853 2175 893 2238 15
914 2184 946 2238 et
969 2177 1020 2238 47.
1045 2177 1099 2239 οὐκ
1123 2173 1249 2257 ἔφασαν
1275 2175 1453 2257 ἐπιτρέψαι.
1480 2177 1573 2260 §53.

398 2275 455 2359 ᾤου
475 2276 723 2358 διαπράξασθαι,
744 2287 777 2342 et
796 2276 912 2344 similia
931 2279 1058 2368 passim.
1092 2279 1154 2363 Qui
1175 2280 1264 2346 libris
1284 2279 1406 2372 aliquid
1428 2278 1572 2344 tribuunt

398 2382 541 2473 cogitent
561 2381 654 2448 selim
676 2381 819 2448 Locmrtt
837 2383 937 2450 libros
958 2384 1123 2475 aliquanto
1143 2387 1292 2452 meliores
1313 2397 1451 2463 exstare,
1475 2407 1572 2475 quarn

398 2501 448 2556 est
476 2488 533 2553 ille
564 2507 645 2553 unus
671 2485 860 2555 deterrimus
880 2490 1013 2558 ersus.
1038 2493 1056 2576 §
1077 2496 1130 2560 51.
1155 2493 1366 2574 οὐδὲιπρίποο
1390 2490 1575 2572 παρακαλέ-

399 2618 522 2668 σοιπος,
558 2604 644 2661 recte
673 2593 827 2660 ltraoonr
856 2597 940 2662 οὐδέν
969 2620 1000 2661 τι
1029 2603 1095 2664 ποῦ.
1140 2598 1321 2665 Bettnttue
1349 2595 1434 2662 male
1464 2617 1576 2661 sanum

400 2700 504 2784 πρίσοω
534 2700 683 2780 servarim
715 2700 812 2792 paulo
841 2713 914 2791 post
942 2701 1039 2768 ambo
1065 2704 1202 2770 retinent
1228 2705 1292 2778 δέος
1318 2705 1362 2784 μὴ
1385 2703 1469 2769 δώσω
1492 2701 1577 2777 διἀιρι

400 2827 463 2897 pro
480 2807 520 2872 δῶ
539 2817 572 2872 et
591 2805 696 2872 εἵπετο
714 2808 749 2872 πδ
765 2813 886 2889 φεῦγον
907 2830 967 2898 pro
986 2807 1089 2873 εἵπετο
1109 2810 1273 2892 Φεύγοιπι.
1300 2812 1317 2894 §
1341 2811 1392 2874 56¹.
1411 2809 1443 2874 οὐ
1468 2806 1577 2890 oleti„

401 2913 460 2978 ἀπ’
484 2912 578 2990 ἐμοῖσι
598 2904 690 2994 ἔφη,
721 2910 804 2978 nilril
831 2912 988 3000 significat
1016 2914 1049 2978 οὐ
1078 2914 1205 2996 <claim
1240 2914 1267 2979 si
1297 2937 1392 3004 quern
1422 2913 1577 2979 lacessere

401 3016 552 3084 iuberent
578 3027 634 3080 aut
661 3016 785 3098 Φθείρωι
815 3015 967 3082 dicebant
987 3018 1094 3081 autad
1117 3020 1240 3098 Φδερεῖ,
1272 3030 1308 3083 ut
1328 3016 1413 3109 apud
1436 3017 1577 3083 latero-

402 3137 540 3190 cassu
557 3122 612 3188 οὐκ
631 3122 662 3192 ἐς
681 3118 816 3201 κόρακας
836 3121 1026 3202 οὶποφδερεῑι
1051 3121 1135 3186 Not.
1158 3124 1234 3189 789.
1253 3123 1343 3212 It'qq.
1364 3126 1439 3191 892.
1462 3123 1508 3188 sic
1521 3125 1577 3188 οὐκ

401 3224 497 3302 ἄπιοι
522 3227 577 3290 οὐκ
601 3225 695 3304 instet
720 3225 754 3288 οὐ
778 3224 948 3300 σιωπήσεις
984 3223 1046 3288 alia
1076 3240 1220 3293 sexcenta
1252 3228 1420 3318 imperiose
1451 3237 1505 3291 aut
1535 3225 1577 3291 ab

403 3330 492 3397 iratis
520 3328 607 3395 dicta
631 3339 687 3394 aut
705 3327 745 3393 ad
763 3328 906 3394 servulos
926 3341 1116 3410 occurrunt,
1146 3331 1185 3396 ad
1209 3355 1346 3422 quorum
1364 3331 1520 3398 rationem
1542 3333 1576 3396 οὐ

402 3437 515 3518 φθερεῖ
531 3433 770 3500 emendandum
786 3455 853 3502 esse
868 3433 1075 3502 llmoonrms
1090 3459 1220 3527 quoque
1240 3437 1332 3517 vidit,
1349 3448 1381 3502 at
1399 3437 1580 3504 enarrans

402 3553 544 3609 autnon
565 3541 789 3608 animadvertit
810 3540 925 3607 titium
946 3552 1000 3606 aut
1009 3545 1224 3634 serrt'posse
1243 3545 1357 3610 iniuria
1377 3543 1511 3634 potavit.

448 3646 490 3714 ln
518 3647 797 3736 Ioveconsulolo
827 3650 886 3725 43,
915 3651 946 3714 6.
971 3648 1024 3713 καὶ
1056 3645 1136 3722 ὅπως
1164 3649 1384 3731 ἀσφαλές-ερον
1409 3647 1579 3728 decepisti,

404 3766 492 3824 recte
512 3754 652 3820 Reme
670 3753 839 3836 ἀποκρινῇ,
862 3752 976 3818 melius
997 3753 1158 3834 οὶποιιριιεῑ
1179 3753 1325 3820 dedisset.
1360 3750 1398 3818 ln
1416 3775 1481 3817 uno
1496 3752 1581 3818 libro

400 3860 460 3943 ipe
481 3861 512 3926 δὲ
534 3856 709 3935 saliares,
732 3856 767 3922 in
788 3879 853 3948 quo
873 3857 1035 3924 falsarium
1058 3869 1212 3926 tenemus.
1233 3864 1252 3947 §
1276 3865 1306 3928 8.
1326 3859 1411 3943 Φασὶ
1427 3858 1581 3924 δουλεύειν

404 3967 490 4044 ὑμᾶς
528 3962 630 4044 ὥσπερ
667 3962 754 4045 παροδ
792 3965 834 4043 τῷ
870 3964 1018 4045 Ἀδροῆσιρ
1054 3965 1107 4030 σοι
1137 3965 1343 4045 Ἀπόλλωνα,
1375 3964 1408 4029 in
1435 3963 1504 4028 aliis
1529 3965 1581 4028 πδι

403 4068 576 4146 Ἀπόλλω,
608 4077 645 4131 ιιι
674 4089 768 4157 saepe
796 4066 874 4133 alibi
899 4067 1020 4134 ridebis
1046 4071 1221 4135 Ποσειδῶνα
1240 4083 1273 4136 et
1292 4070 1425 4135 Ποσειδῶ
1447 4069 1487 4134 de
1509 4069 1581 4134 loco

404 4184 581 4242 certantes:
606 4169 678 4238 tide
697 4178 733 4250 8,
751 4176 788 4251 2,
812 4176 844 4240 2.
874 4176 934 4250 32,
961 4176 1002 4239 13
1022 4186 1054 4240 et
1076 4177 1128 4240 43.
1159 4179 1216 4256 43,
1240 4174 1583 4245 muratorianam

404 4280 440 4348 io
468 4278 599 4346 οὶπὸλλω
622 4288 655 4343 et
679 4276 852 4344 οὶπὸλλωιοι
878 4289 911 4344 et
939 4283 976 4357 8,
1003 4282 1062 4357 19,
1089 4282 1119 4345 1.
1143 4278 1176 4345 in
1198 4287 1327 4349 ποσειδῶ
1347 4294 1378 4347 et
1400 4282 1582 4347 ποσειδῶιοο.

404 4385 488 4456 Mihi
516 4383 591 4450 satis
621 4394 745 4449 certum
774 4392 822 4448 est
851 4380 1040 4448 Ἀπόλλωνα
1070 4395 1101 4448 et
1130 4387 1306 4451 Ποσειδῶνα
1336 4397 1391 4451 aut
1417 4382 1584 4450 retinenda

404 4494 531 4584 ubique
560 4511 627 4556 esse
655 4499 711 4553 aut
742 4483 942 4566 revocanda,
975 4486 1122 4556 Ἀπόλλω
1150 4503 1182 4556 et
1211 4495 1346 4558 Ποσειδῶ
1372 4504 1447 4558 nata
1472 4510 1539 4555 esse
1565 4509 1584 4554 e

404 4595 602 4688 compendio
621 4592 821 4683 negligenter
839 4590 934 4660 lecto.
979 4591 1104 4685 Nempe
1123 4596 1339 4674 Ἀπόλλωνος,
1357 4597 1533 4664 Ἀπόλλωνι
1554 4603 1587 4661 et

406 4701 598 4770 Ἀπόλλωνα
615 4698 799 4768 scribuntur
813 4720 879 4766 una
891 4698 994 4768 forma
1007 4700 1341 4794 dalttsuprascripto
1351 4728 1387 4780 ω,
1399 4714 1433 4772 et
1444 4698 1586 4770 secondo
