3767 5717
865 625 928 691 ³01

310 819 474 912 ingenium
499 829 530 885 et
556 815 698 884 indolem
726 817 886 885 insinuare
906 830 1035 886 strenuo
1056 831 1088 886 et
1110 820 1270 889 indefesso
1288 821 1400 890 labore
1421 844 1478 890 roa

306 926 387 1007 lent,
405 925 443 992 iis
464 925 545 992 aiam
566 924 689 1015 praeire
707 936 740 991 et
757 924 927 1016 propositis
947 925 1098 1016 exemplis
1115 927 1306 1018 quibusdam
1325 926 1476 1017 insignio·

308 1031 397 1098 ribus
420 1053 491 1097 eam
514 1032 671 1096 rationem
690 1031 728 1096 iis
747 1030 869 1120 aperire
886 1043 919 1097 et
938 1031 1136 1122 patefacere,
1161 1056 1257 1123 quam
1277 1032 1337 1124 ipsi
1356 1031 1389 1096 in
1412 1031 1479 1096 sin-

308 1136 391 1226 gulis
409 1148 644 1227 persequantur
662 1147 694 1203 et
714 1138 899 1227 perliciant,
922 1147 959 1200 nt
981 1137 1171 1226 comparatis
1188 1139 1271 1204 inter
1289 1159 1355 1202 sese
1376 1134 1478 1202 artre-

305 1242 469 1308 niensilrus
488 1253 520 1308 et
538 1241 689 1322 lenibus,
707 1241 821 1307 Atticis
835 1253 868 1306 et
880 1241 1051 1319 irrisistis,
1063 1241 1201 1332 antiquis
1213 1253 1245 1307 et
1256 1240 1477 1334 sequioribus,

306 1349 389 1414 sanis
407 1359 441 1413 et
460 1348 576 1439 aegris,
595 1348 864 1439 praestantissimo
883 1370 1013 1438 qnoque
1027 1369 1100 1414 curn
1121 1348 1347 1428 deterioribus,
1366 1369 1475 1416 omnes

306 1455 451 1523 omnium
481 1469 664 1545 temporum
688 1455 857 1546 scriptores
878 1454 1015 1520 Graecos
1034 1454 1214 1546 intelligere
1235 1456 1358 1524 discant
1378 1466 1411 1520 et
1431 1454 1476 1519 sic

307 1563 535 1652 interpretari
562 1560 726 1650 quaesibi
748 1572 835 1626 recte
855 1559 1019 1626 intellecta
1041 1561 1122 1640 sint,
1146 1572 1179 1628 et
1197 1563 1374 1628 emendare
1393 1581 1475 1651 qnae

306 1679 487 1758 temporum
514 1677 547 1730 et
566 1664 733 1731 hominum
755 1665 830 1732 altio
849 1655 990 1754 intelligi
1010 1667 1050 1732 nh
1069 1689 1146 1732 sano
1165 1666 1295 1734 homine
1317 1691 1381 1734 non
1400 1689 1477 1756 pos-

306 1773 377 1839 sint.
434 1769 662 1861 compluscula
692 1771 755 1836 iarn
786 1770 819 1834 in
847 1770 1065 1838 dncrrnuotn
1091 1771 1286 1851 notavimus,
1317 1771 1475 1838 nonnulla

307 1878 341 1944 in
372 1878 523 1946 Lucrtto
551 1874 1016 1965 emendandoadspersinrus,
1047 1861 1207 1968 permulta
1242 1877 1473 1968 unusquisque,

306 1983 363 2075 qni
380 1983 562 2049 Locrsnnrr
575 1979 747 2072 diligenter
762 2003 836 2047 cnm
852 1982 1020 2060 Pnrroaa,
1040 1981 1219 2062 Isocnrrrr,
1237 1982 1476 2062 Druosrrrrrrrn,

308 2087 545 2157 interereunt
573 2111 757 2179 eompamre
783 2100 815 2154 et
844 2087 912 2153 eius
938 2086 1113 2154 dictionem
1138 2088 1175 2154 ad
1201 2089 1332 2155 illorum
1353 2089 1477 2178 erigere

308 2197 472 2275 instituet,
508 2195 576 2285 ipse
606 2194 698 2258 nullo
726 2195 856 2284 negotio
883 2195 1040 2284 reperiet,
1080 2195 1291 2286 quamobrem
1320 2195 1478 2262 nonnulla

306 2303 446 2370 breviter
461 2299 723 2391 perstringemus,
738 2299 911 2388 insigniora
929 2300 1087 2391 quaedam
1102 2301 1230 2368 uberius
1240 2323 1481 2393 persequemur.

355 2407 402 2472 le
421 2408 560 2496 primum
580 2404 710 2494 quidem
730 2404 819 2470 illam
836 2403 942 2469 labem
962 2405 1091 2470 dicendi
1107 2419 1139 2474 et
1158 2407 1377 2471 confusionem
1393 2404 1480 2471 indi·
1566 2437 1569 2442 >

309 2512 474 2590 cabimus,
504 2533 568 2600 qua
595 2532 705 2574 omnes
726 2510 888 2601 sequiorea
907 2509 1054 2575 laborare
1079 2510 1217 2590 ridebis,
1242 2533 1341 2602 quum
1365 2509 1479 2576 luicis

308 2617 418 2684 lonica
446 2616 555 2705 inepte
585 2615 729 2680 inserunt
757 2627 789 2680 et
816 2626 984 2706 utramque
1003 2615 1176 2681 dialectum
1198 2615 1276 2682 olim
1297 2614 1479 2682 certissimis

310 2723 428 2789 finibus
454 2721 726 2810 circumscriptam
751 2719 923 2785 ridiculum
945 2721 977 2784 in
1000 2720 1132 2786 modurn
1152 2722 1368 2788 commiscent.
1419 2719 1481 2805 Qui
1517 2759 1522 2768 ·

307 2829 473 2919 eleganter
503 2827 664 2894 scribendi
692 2826 877 2892 facultatem
898 2849 934 2892 ex
957 2826 1047 2892 libris
1067 2839 1209 2894 aeterum
1235 2828 1429 2918 colligebant
1448 2838 1481 2892 et

308 2936 453 3014 alebant,
485 2957 551 2999 non
577 2934 700 2998 minore
734 2932 840 2998 studio
870 2945 902 2997 et
922 2933 1132 3000 admiratione
1152 2935 1364 3002 Hrroaorm
1382 2955 1481 3024 quam

313 3041 435 3108 Atticos
456 3040 749 3131 prosequebantur,
768 3051 799 3104 et
819 3039 916 3104 melle
939 3039 1116 3106 dulciorem
1137 3040 1311 3107 dictionem
1335 3040 1482 3106 llerodo·

310 3161 392 3215 team
414 3170 487 3214 cnm
509 3148 639 3237 eloquio
663 3146 771 3211 Attico
789 3147 823 3211 in
843 3163 899 3212 sna
920 3147 1040 3237 scripta
1061 3147 1343 3226 transfundebant,
1366 3169 1480 3239 parum

307 3253 509 3321 attendentes
537 3275 634 3342 quarn
664 3251 857 3316 inconcinne
882 3263 914 3318 et
934 3252 1132 3342 ineleganter
1156 3255 1210 3320 illa
1230 3254 1371 3330 coirent,
1396 3275 1481 3342 quae

311 3370 422 3448 suapte
450 3370 563 3424 natura
592 3370 625 3423 et
654 3380 691 3421 er
721 3356 786 3422 lide
807 3380 911 3422 rerum
932 3358 1070 3424 discreta
1093 3382 1217 3451 semper
1235 3383 1324 3427 more
1346 3358 1484 3449 locoque

308 3463 452 3529 luissent.
500 3463 556 3530 Est
584 3484 621 3526 ea
648 3483 697 3525 res
726 3460 930 3539 huiusmodi,
964 3475 998 3527 nt
1020 3463 1093 3528 satis
1112 3464 1152 3528 sit
1173 3464 1318 3555 exempla
1339 3487 1483 3529 errorum

309 3557 449 3661 ponere,
481 3566 598 3656 quibus
626 3567 767 3642 colorem
795 3566 912 3656 aliquis
937 3591 1090 3658 quaerere
1109 3568 1249 3659 poterit,
1274 3571 1299 3634 si
1324 3569 1432 3648 volet,
1452 3580 1484 3634 at

310 3674 468 3768 permixta
501 3697 568 3740 esse
599 3695 681 3763 qnae
711 3673 787 3738 olim
819 3695 944 3763 semper
972 3686 1113 3765 separata
1141 3675 1261 3741 luerint
1291 3697 1385 3741 nemo
1410 3675 1484 3742 inli-

311 3783 371 3847 tias
399 3782 460 3863 ire,
482 3787 525 3846 ‘ut
558 3781 590 3846 in
621 3803 656 3845 re
684 3791 787 3858 certa,
813 3780 941 3870 poterit.
989 3778 1042 3845 Sic
1063 3779 1142 3845 milri
1164 3780 1294 3871 quidem
1316 3781 1483 3872 perinepta

309 3887 414 3958 solent
443 3887 562 3967 rideri,
581 3909 678 3977 ,quae
707 3887 823 3978 scripta
853 3898 927 3952 aunt
959 3887 992 3951 in
1023 3877 1110 3952 hunc
1138 3886 1291 3968 modum,
1315 3886 1411 3978 quale
1437 3899 1484 3952 cst

310 3999 374 4075 47,
408 3997 438 4062 i.
465 3995 526 4074 χρὴ
554 3993 672 4058 ciriae
700 3991 795 4070 taeitos
821 3988 996 4072 accrescitur
1021 3994 1073 4058 rio
1098 3992 1320 4070 'Ardttuveil
1340 3989 1487 4071 otgsetet

310 4102 342 4166 oi
374 4102 429 4174 etr
453 4098 545 4175 δόξαν
574 4103 630 4171 τῆς
661 4096 799 4177 τέχνης,
825 4107 881 4161 aut
906 4100 924 4182 §
950 4100 1002 4162 34.
1021 4098 1076 4172 τὴν
1096 4097 1257 4179 κωμῳδίαν
1281 4099 1365 4179 αὐτῷ
1387 4095 1485 4178 erepl-

309 4204 405 4288 ζενξον
433 4204 487 4268 real
511 4202 597 4274 sard
619 4206 711 4266 τοῦτο
735 4202 855 4277 πολλήν
881 4203 914 4267 οἱ
941 4202 1168 4284 μηχανώμενος
1187 4203 1243 4277 τὴν
1265 4201 1401 4275 εὔνονοον,
1428 4213 1485 4266 aut

309 4313 372 4390 68,
397 4311 450 4376 21.
478 4310 504 4373 si
529 4307 633 4373 Bianti
655 4305 780 4378 πάντων
801 4306 949 4386 tetemet
966 4309 999 4372 ci
1019 4306 1304 4383 ἀπαλλάττεσθαι,
1324 4320 1355 4372 et
1378 4311 1437 4386 47,
1455 4311 1485 4372 4.

311 4416 394 4494 ἥκειν
428 4417 471 4487 εἰς
501 4415 623 4497 ’Ἃρενον
659 4411 793 4490 eeteros
817 4413 884 4476 ἐκεῖ
914 4413 945 4476 δὲ
981 4413 1036 4486 τὴν
1068 4411 1126 4490 μὲν
1159 4411 1256 4487 Δίκην
1290 4413 1485 4492 ἀποκληροῦν

313 4520 427 4603 σφίσι
447 4520 491 4585 rol
511 4519 691 4599 δοκοοςήρνοο,
714 4524 747 4580 et
770 4519 833 4594 70,
853 4519 906 4580 24.
925 4514 1089 4596 ὀοέγοντοὶς
1116 4520 1225 4596 σφισι
1243 4516 1278 4579 τὸ
1298 4513 1432 4594 inrugat
1452 4527 1484 4581 et

314 4629 397 4712 §14
417 4623 698 4704 ἀναγιγνωσκέσθω
716 4621 829 4703 σφίσι
849 4621 885 4686 τὸ
903 4619 1043 4686 eradatur
1066 4633 1097 4686 et
1117 4619 1248 4700 similia,
1267 4643 1325 4712 pro
1346 4623 1429 4704 οοῦνῷ
1451 4633 1484 4687 et

313 4732 420 4804 sirete
452 4751 541 4796 more
569 4727 680 4797 lonico
710 4725 846 4794 flentur
871 4738 902 4793 et
923 4724 1099 4794 llrnonort
1117 4726 1239 4817 posita,
1264 4725 1350 4818 quod
1372 4727 1484 4796 ritinm
