3767 5717
976 618 1017 679 56

400 794 495 875 αῆρυξ
520 792 573 860 nbi
593 791 637 858 ad
669 808 817 877 praesens
840 797 967 876 tempus
997 798 1045 857 est
1070 790 1301 875 redigendum,
1337 794 1590 879 quietiorem

405 920 444 967 eo
467 919 564 965 sensu
593 897 658 963 diei
688 914 750 963 non
780 905 901 981 potest,
923 896 1104 977 ἀναγορεύει
1130 898 1144 961 ί
1168 896 1261 978 κη’ραξ
1292 897 1422 965 dicitnr.
1472 902 1592 969 Eodem

404 1004 500 1071 inodo
539 1003 660 1068 formae
700 1002 928 1083 ἀπαγορεύειν,
961 1002 1164 1083 διαγορεύειν,
1201 1002 1416 1084 ἐξαγορεύειν,
1452 1032 1591 1086 καταγο-

401 1112 518 1193 ρεύειν,
549 1108 804 1191 προσαγορεύειν,
843 1108 1170 1189 ἀντιπροσαγορεύειν,
1203 1110 1417 1189 συναγορεύειν
1447 1119 1478 1176 ei
1514 1116 1592 1179 ὑπα-

403 1217 557 1299 γορεύειν,
583 1214 700 1299 quiitus
722 1212 846 1278 aooedit
868 1212 1082 1293 προαγορεύειν
1107 1212 1164 1297 pro
1186 1214 1369 1294 προλέγειν,
1398 1219 1591 1302 respondent

402 1322 535 1396 formis,
559 1318 824 1405 neminimus,
848 1317 933 1383 unde
955 1319 1102 1402 sequitur
1127 1320 1303 1403 praesentis
1326 1329 1453 1385 tantum
1478 1331 1510 1389 et
1534 1325 1592 1389 irn-

401 1426 536 1513 persenti
562 1424 707 1489 formam·
723 1425 756 1489 in
775 1443 835 1487 usn
853 1442 939 1497 esse,
962 1423 995 1487 in
1016 1424 1152 1487 caeteris
1169 1423 1276 1491 subire
1295 1464 1337 1475 --
1350 1434 1424 1508 ερῶ,
1449 1466 1493 1477 -—
1506 1438 1591 1497 εῖπον

400 1541 465 1597 oet.
513 1527 606 1615 Apud
631 1529 804 1595 Aesonrneu
828 1528 861 1591 in
887 1526 1100 1612 όιαείροίνοπιοα
1121 1527 1175 1593 ubi
1202 1530 1324 1597 multus
1346 1540 1394 1597 est
1419 1531 1534 1599 Orator
1556 1536 1591 1601 in

401 1633 653 1703 demonstrando
674 1634 725 1697 ius
745 1652 809 1697 non
832 1652 900 1697 esse
926 1634 1100 1697 renuntiari
1118 1634 1151 1697 in
1173 1632 1317 1711 theatro,
1342 1638 1396 1721 qui
1418 1658 1455 1703 ex
1478 1639 1590 1725 plebei

403 1744 485 1808 scito
505 1758 621 1806 norona
640 1756 738 1806 aurea
759 1736 895 1803 donatus
913 1740 973 1813 sit,
998 1738 1116 1823 passim
1136 1744 1246 1803 ontnes
1264 1738 1382 1807 formas
1406 1745 1494 1809 verbi
1515 1749 1589 1811 ἀνα-

402 1848 538 1929 γορεύειν
563 1852 706 1929 usurpat.
739 1840 818 1930 35,
837 1844 1017 1925 ἀναγορεύη.
1041 1848 1104 1920 40,
1124 1845 1270 1909 ἀνειπεῖν.
1296 1850 1356 1924 45,
1378 1851 1588 1931 ἀναρρηθῆναι.

405 1958 487 2029 12εά,
511 1954 525 2017 ό
548 1948 642 2031 κηρυξ
663 1952 773 2015 ἀνεῖπε
792 1956 824 2013 ei
847 1967 920 2013 mox
943 1950 995 2015 καί
1021 1948 1118 2013 πόλιν
1139 1949 1152 2013 ό
1178 1952 1271 2025 αὐτὸς
1294 1952 1388 2033 κύρυξ
1412 1957 1589 2037 ἀνηγόρευε.

405 2064 492 2134 lot,
519 2062 604 2132 155,
627 2054 811 2136 προελόόννό
841 2052 934 2134 κύρυξ
954 2092 997 2107 ·--
1019 2054 1051 2119 τί
1074 2057 1144 2119 ποτ’
1167 2056 1270 2136 ἀνερεῖ
1292 2066 1323 2123 ei
1347 2065 1427 2137 189,
1458 2063 1506 2126 δεῖ
1526 2063 1589 2145 γάρ

402 2165 455 2230 τὸν
488 2164 606 2243 αηρυκα
628 2159 796 2240 ἀψευδεῖν,
833 2158 907 2225 όταν
930 2162 985 2234 τίρν
1021 2158 1183 2241 ἀνοίρρησιν
1200 2164 1230 2226 ἐν
1249 2166 1291 2244 τῷ
1316 2165 1429 2246 ίεοίτρῳ
1453 2176 1587 2243 ποιῆται.
1616 2182 1620 2189 ’

402 2268 524 2336 Eadem
545 2266 638 2353 plane
661 2272 711 2330 est
734 2265 816 2330 ratio
843 2264 1042 2349 reliquorum
1067 2267 1233 2344 omnium,
1266 2269 1280 2333 ί
1305 2269 1394 2349 νόμος
1418 2272 1586 2354 διαγορεύει

403 2384 437 2441 et
460 2372 641 2455 διειρημένον
674 2377 707 2435 et
741 2368 893 2451 διοίρρησις
920 2378 953 2435 et
984 2372 1160 2452 διαρρηδηνε
1191 2374 1419 2456 ἀπαγορεύειν,
1443 2380 1587 2459 ἀπερεῖν,

399 2482 550 2547 ἀπειπεῖν
584 2485 627 2546 et.
649 2476 846 2557 ἀπειρηκέναι
869 2483 947 2541 sunt
976 2474 1120 2544 eiusdem
1150 2476 1238 2541 verbi
1254 2487 1409 2565 tempora
1442 2482 1585 2560 diversa,

398 2584 519 2671 qrriirus
548 2581 719 2668 respondet
746 2598 861 2647 nomen
892 2580 1078 2661 ἀπόρρησις,
1098 2589 1133 2645 ut
1161 2582 1317 2664 πρόρρησις
1344 2587 1439 2652 verbo
1458 2610 1588 2669 προαγο-

401 2680 511 2773 ρεύέιν.
554 2687 721 2753 Contraria
745 2694 821 2751 suut
839 2686 1054 2769 συναγορεύειν
1073 2695 1105 2751 et
1123 2690 1314 2767 ἀντιλέγειν,
1337 2692 1368 2756 in
1392 2693 1589 2778 reliquorum

403 2806 596 2881 temporum.
620 2790 732 2858 formis
762 2793 965 2877 conspirant,
1001 2799 1109 2874 συνερεῖ
1137 2800 1170 2861 ei
1204 2796 1339 2879 ἀντερῶ,
1374 2807 1526 2865 συνειπεῖν
1558 2804 1590 2865 ei

400 2904 581 2977 ἀπειπεῖν,
616 2899 793 2979 συνειρηκιύσ
823 2906 856 2963 ei
885 2900 1079 2978 ἀντειρηκοίς.
1138 2899 1317 2985 Perpetuus
1346 2902 1429 2987 apud
1466 2912 1590 2971 veteres

402 3005 585 3076 omnostrio
605 3022 684 3068 usus
702 3010 767 3067 est:
792 3010 918 3067 constat
936 3003 973 3067 in
994 3002 1192 3069 carminibus
1212 3005 1407 3081 Homericis,
1430 3007 1587 3073 tolonum

344 3184 354 3202 x
399 3108 691 3185 ttontstomnions„
715 3109 748 3172 in
773 3103 961 3183 Atticorum
983 3106 1176 3191 ἐξαγορεύειν
1210 3112 1294 3197 apud
1320 3112 1469 3179 Hounnmr
1494 3112 1588 3179 habet

401 3215 550 3282 futurum
573 3212 689 3295 ἐξερέω.
745 3210 913 3279 Horonon..
930 3211 954 3276 l.
978 3216 1017 3277 11
1040 3222 1073 3279 et
1097 3218 1159 3289 tiu,
1184 3225 1308 3299 προεῖπε
1338 3220 1516 3295 Μιλησίοισι
1540 3221 1590 3287 πί·

400 3330 523 3389 oeta-ot
551 3325 656 3386 ταῦτα
684 3317 715 3383 δὲ
743 3318 931 3400 προαγόρευε
959 3318 1051 3383 τῶνδε
1082 3318 1204 3389 εἵνεκεν.
1260 3322 1393 3389 Xrnorn.
1420 3324 1588 3393 Memorob.

401 3428 457 3493 tlt.
485 3432 536 3491 15.
564 3433 606 3506 1·‚‘
630 3426 799 3507 προσειπών
821 3462 866 3473 -
885 3447 957 3491 τινα
976 3426 1096 3506 χαίρειν
1117 3430 1170 3492 οὐκ
1193 3430 1456 3510 ἀντιπροσερρήθη.
1486 3433 1590 3499 Aorsi.

402 3532 488 3597 rtur.
514 3534 601 3597 522:

628 3637 751 3718 Χαίρειν
765 3635 926 3715 μὲνύραιῑς
943 3637 1026 3714 irin,
1046 3634 1149 3719 ὦνδρες
1173 3637 1329 3715 δημόται,

557 3779 561 3788 ,
626 3744 761 3825 ἀρχαῖον
783 3743 837 3820 ἤδη
859 3742 1095 3825 προσαγορεύειν
1115 3743 1167 3809 καί
1193 3743 1319 3826 σαπρόν.

359 3841 504 3918 ‘anm
531 3849 654 3936 ίίνροίορο.
682 3852 767 3913 101:

610 3954 748 4033 ’Χαίρειν
769 3960 923 4032 προσεῖπα
946 3961 1052 4033 πρῶτα
1072 3955 1124 4019 τόν
1143 3955 1341 4035 γεραίτατον.

399 4057 641 4138 ‘tramittem
664 4057 757 4120 verbo
776 4056 916 4138 praeire,
939 4056 1036 4123 habet
1058 4058 1205 4137 futurum
1219 4061 1251 4125 in
1265 4062 1484 4130 Anrsrornnnrs
1507 4063 1590 4149 frag·

401 4161 619 4247 mentoapud
638 4162 759 4227 Annon.
783 4160 882 4226 detti.
906 4162 940 4226 V.
960 4183 988 4227 v.
1010 4163 1166 4242 ύπάγειν·

776 4267 837 4344 ε’γιὶ·
856 4268 883 4331 δ’
907 4270 1007 4351 ὑπερῶ
1025 4272 1076 4335 τὸν
1097 4268 1189 4354 όρνιον.

397 4376 455 4445 sed
486 4372 564 4462 qnid
594 4369 709 4459 plora?
745 4373 932 4457 quicunque
961 4373 1019 4441 hoo
1055 4386 1128 4463 aget
1154 4380 1239 4445 inter
1268 4375 1441 4462 legendnm
1469 4374 1589 4439 videbit

398 4501 495 4569 qnam
525 4486 712 4545 constanter
738 4476 798 4543 hoo
826 4486 950 4545 veteres
967 4489 1108 4549 teneant.
1166 4483 1253 4551 Idem
1284 4480 1372 4547 nulio
1397 4480 1524 4563 negotio
1547 4478 1588 4544 ad

398 4588 481 4654 hano
515 4586 619 4652 lnoom
644 4583 784 4669 corriget
812 4586 991 4657 scribarum
1024 4606 1159 4657 errores,
1200 4593 1237 4658 tn
1269 4588 1488 4653 Anrsrornnns
1506 4583 1589 4651 Pare

399 4714 444 4760 rs.
472 4696 556 4771 107,
576 4689 661 4780 qnod
678 4689 805 4757 editur:
