3767 5717
849 606 915 674 229

295 804 391 873 laelio
414 802 567 885 άράτιμιν
588 801 801 880 άτελάλνάε;’
815 800 953 869 emenda
971 810 1094 869 roboot
1122 804 1159 870 τὸ
1187 804 1265 870 leros
1286 804 1392 871 ἐκεῖνα
1406 802 1475 872 soli

296 914 356 977 τοῦ
376 930 435 1000 pro
455 917 511 976 τιῖ
527 920 621 1000 turpe
640 918 690 975 est
708 907 763 975 sed
784 906 1081 999 frequentissimum
1101 908 1332 978 Graeculorum
1347 906 1476 983 ritium,

297 1015 386 1106 quod
413 1014 609 1106 quamquam
631 1014 764 1106 plurimi
785 1008 1000 1095 monuerunt,
1025 1014 1098 1082 ride
1119 1016 1347 1082 Punrnrcuurs
1365 1038 1396 1106 p.
1417 1018 1477 1091 43,

297 1132 406 1188 tamen
420 1120 565 1187 nondum
584 1142 621 1187 er
633 1120 815 1185 Atticorum
826 1120 953 1212 seriptis
967 1121 1075 1213 potuit
1093 1122 1268 1213 exstirpari.
1291 1121 1329 1186 ln
1341 1118 1478 1209 Dialogo

296 1226 353 1295 vl.
373 1231 405 1292 2.
424 1229 520 1307 ε’χρῆν
543 1224 613 1303 ἑξῆς
632 1248 697 1297 τως
719 1223 904 1303 γάρνεάάαι,
924 1225 978 1290 τὸν
1000 1226 1210 1308 πρεσβύτερον
1227 1224 1370 1308 πρότερον
1385 1224 1478 1313 (άτι-

296 1333 413 1419 άανεῖν)
447 1329 500 1395 κά)
526 1328 613 1409 μετά
638 1333 747 1393 τοῦτον
777 1326 841 1401 ὅτις
861 1328 935 1393 ,καὶ
960 1339 1001 1414 τῇ
1028 1330 1137 1415 ἡλικία
1159 1332 1233 1409 μετ’
1260 1329 1369 1404 αὐτόν,
1396 1327 1479 1394 alte·

298 1457 368 1500 ram
398 1434 451 1500 eol
482 1453 577 1501 seusu
604 1454 742 1499 raouum
762 1444 825 1499 est:
851 1433 974 1523 corrige
993 1430 1059 1508 ὅτις
1078 1434 1141 1502 olel.
1182 1434 1308 1501 Veteres
1327 1433 1480 1500 dixissent

299 1538 426 1608 brevius
444 1540 496 1605 τὸν
522 1539 572 1605 oiri
599 1538 832 1619 πρεσβύτατον.
882 1538 921 1604 Ιιι
943 1538 1079 1631 Dialogo
1098 1538 1137 1606 X.
1157 1545 1175 1628 §
1198 1540 1251 1605 12.
1269 1540 1322 1605 ἐπὶ
1339 1539 1479 1621 Κράτωνι

301 1648 400 1731 τούτῳ
428 1646 498 1735 lege
529 1644 657 1725 τοντιρΐ,
689 1655 813 1710 ratores
839 1643 993 1711 dioobaut
1011 1646 1025 1708 ὁ
1044 1639 1281 1725 Κράτων-αὖτις
1300 1654 1334 1707 et
1351 1642 1480 1726 Κράτων

298 1751 403 1817 odrool
431 1752 498 1817 sino
526 1748 681 1827 articulo,
711 1748 883 1817 Luclsrrua
911 1762 945 1818 et
975 1748 1143 1816 Atlioistae
1172 1746 1297 1813 addunt
1315 1745 1480 1815 tertiumd

296 1855 407 1936 Τίμων
424 1856 545 1930 οὑτοσί,
570 1852 636 1922 rid.
655 1860 692 1933 ὅ,
708 1860 772 1935 31,
792 1860 851 1935 32,
870 1861 933 1937 33,
953 1862 1015 1936 et,
1034 1859 1089 1923 36.
1107 1867 1140 1922 et
1158 1854 1254 1935 alibi3
1277 1876 1373 1921 nemo
1391 1852 1481 1919 dioe-

300 1959 357 2027 bat
384 1961 494 2041 Τι’μων
517 1956 617 2035 οὗτος.
666 1959 749 2027 Τιιιιι
772 1960 828 2029 lx.
849 1965 868 2050 §
891 1967 922 2031 2.
943 1964 1016 2055 legs
1035 1963 1222 2042 γενήσεσθαι
1243 1984 1304 2053 pro
1321 1961 1479 2041 γενέσθαι·

299 2079 332 2134 et
353 2069 372 2154 §
394 2073 422 2133 l.
452 2088 566 2133 revoca
594 2065 637 2132 τά
668 2068 768 2150 σαθρά
796 2074 856 2133 τῶν
882 2069 1090 2149 βαλλαντίων
1119 2089 1180 2158 pro
1208 2067 1329 2149 τατρά.
1376 2053 1482 2156 Saepo

302 2170 383 2239 haee
414 2170 538 2239 ridebis
569 2170 741 2250 conlundi,
775 2182 812 2237 ut
841 2174 903 2255 ll,
936 2177 989 2241 17.
1015 2173 1187 2252 άιινάμενιρ
1213 2173 1257 2238 τά
1288 2170 1398 2255 τατρά
1419 2176 1481 2236 τῶν

298 2276 527 2357 ὑποδημάτων,
560 2276 646 2342 male
674 2300 784 2343 omues
815 2278 924 2361 σαπρά
953 2290 1144 2370 receperunt
1166 2301 1227 2369 pro
1245 2276 1366 2359 σαθρά,
1392 2274 1481 2366 quod

299 2380 350 2449 rel
370 2386 487 2449 'eontra
511 2386 620 2451 omnus
646 2386 748 2451 libros
767 2385 862 2453 unioo
881 2400 951 2453 orat
970 2379 1187 2478 probandum.
1236 2376 1483 2487 Quidquidlna-

301 2490 372 2552 tiara
392 2491 592 2578 putrescere
620 2501 726 2581 potest
745 2502 833 2556 reete
850 2486 970 2573 σαπρόν
992 2492 1130 2570 dieitur,
1154 2488 1312 2581 quidquid
1334 2510 1401 2553 non
1419 2503 1483 2579 po·
1594 2478 1600 2487 ⁶

303 2604 366 2660 test
394 2592 449 2660 sed
477 2593 574 2685 longo
605 2616 666 2659 usu
695 2593 848 2661 detritum
868 2592 993 2663 {fatiscit
1012 2591 1101 2662 'rimis
1123 2608 1178 2662 aut
1195 2595 1339 2661 lacerum
1359 2606 1483 2666 est-aut
1525 2664 1529 2670 ,

299 2711 464 2791 pertusum
485 2701 537 2764 eei
563 2700 669 2779 τέρειν
688 2701 790 2766 οὐκέτι
811 2699 1042 2769 adversemur
1065 2701 1175 2783 σαθρόν
1192 2700 1276 2766 diui:
1299 2710 1337 2764 ut
1356 2700 1480 2782 χύτρα,

300 2814 429 2881 τλοῖιν,
459 2803 541 2870 αἰκία
564 2806 827 2896 αιὀρροιιιιιιῑιιτ
846 2805 929 2874 iuter
950 2830 982 2874 se
1003 2808 1089 2887 ὑγιὲς
1114 2807 1168 2872 καὶ
1197 2806 1318 2903 σαάριάν.
1366 2806 1482 2896 ltaque

301 2911 494 2991 ὑποδήματα
523 2921 556 2975 et
580 2911 769 2989 βαλλάντιον
794 2924 926 3004 possunt
953 2912 1161 2996 retardasse,
1191 2912 1300 2996 τατρά
1321 2934 1387 2979 non
1405 2934 1483 3003 pos-

301 3028 384 3083 sunt.
418 3013 453 3082 Si
470 3016 542 3108 quis
561 3018 658 3108 longo
677 3040 737 3085 usu
756 3018 818 3086 hoo
837 3042 950 3086 rerum
970 3042 1038 3086 esse
1053 3020 1247 3112 compererit
1266 3031 1354 3085 serta
1370 3040 1482 3085 emen·

302 3122 431 3191 datione
452 3125 478 3191 si
496 3124 574 3216 quid
597 3136 644 3191 est
661 3126 694 3191 iu
717 3124 844 3193 Graeois
864 3126 1074 3218 scriptoribus
1090 3125 1200 3208 σαθρόν
1215 3113 1356 3206 sanabili
1374 3145 1482 3218 neque

303 3231 444 3323 patietur
461 3231 594 3313 τάριχος
616 3231 681 3297 dioi
697 3232 826 3315 σαθρόν,
844 3256 951 3325 neque
965 3236 1099 3313 άγγεῖιν
1115 3232 1245 3313 σαπρόν,
1263 3256 1369 3331 neque
1383 3232 1482 3299 oislea

302 3336 439 3420 τατράν.
488 3336 674 3428 Perolegans
701 3351 749 3406 est
778 3339 923 3407 Luctrrr
943 3342 1119 3417 loeusdll,
1143 3342 1173 3402 t.
1198 3338 1339 3421 καθάπερ
1367 3339 1401 3404 αἱ
1426 3358 1484 3402 τι·

304 3440 391 3521 νηραὶ
417 3438 536 3520 χ’άτραι
561 3443 794 3540 {respondemur
823 3446 868 3524 μὴ
895 3446 1013 3527 σαπρὸν
1040 3442 1324 3525 ὑτοφάέγρωνται,
1355 3443 1389 3508 in
1417 3462 1484 3531 quo

304 3541 459 3610 debueret
478 3542 784 3630 Βιῑηιιιιεταθράν
807 3550 950 3640 recipere
966 3536 984 3614 ιι
1000 3536 1485 3615 dissonoso'commendarum

304 3660 339 3716 et
358 3649 638 3717 Wrrrrrnrouro
658 3650 699 3716 ad
720 3646 915 3727 Prursrsrs.
938 3678 972 3744 p.
993 3639 1068 3721 497.
1088 3650 1147 3716 nisi
1166 3649 1239 3739 quis
1258 3642 1345 3725 forte
1370 3652 1486 3744 opima

306 3766 361 3821 tur
378 3754 439 3826 τάς
462 3755 584 3835 χύτρας
606 3756 672 3821 diei
691 3779 784 3847 posse
804 3766 958 3833 σαπῆναι.
988 3757 1044 3828 tn
1064 3757 1200 3846 Dialogo
1221 3756 1292 3823 xli.
1313 3761 1331 3845 §
1351 3763 1383 3824 3.
1404 3754 1486 3822 diei·

307 3859 361 3928 tur
382 3858 564 3925 Alexander
581 3862 707 3935 άτοςάς
726 3858 791 3927 ’τῶν
813 3862 962 3947 πατρῴων
982 3863 1108 3930 adorari
1127 3852 1280 3929 voluisse:
1308 3851 1373 3931 nou
1394 3874 1442 3929 est
1460 3855 1486 3927 is

307 3967 453 4035 Lucrrur
470 3964 570 4033 'orror
599 3966 774 4033 admodum
803 3966 962 4037 ridioulus'
989 3961 1043 4036 sed
1067 3969 1261 4036 scribarumr
1285 3970 1328 4035 τά
1353 3969 1487 4050 πατρῷά

306 4073 392 4141 nibil
416 4061 505 4138 aliu'd
521 4084 577 4137 'est
601 4093 697 4163 quarn
714 4078 981 4165 patrimonium,
1006 4089 1043 4143 ut
1066 4077 1100 4142 in
1124 4066 1291 4142 notissimo
1312 4073 1485 4142 versiculo:
1505 4140 1510 4149 ,

533 4178 653 4259 πατρῷ’
676 4177 761 4259 ἔχειν
785 4180 834 4245 δεῖ
853 4181 907 4245 τὸν
930 4188 1035 4255 καλῶς
1058 4182 1229 4260 εὐδαίμονα
1489 4174 1499 4191 ’

308 4298 341 4354 et
362 4284 406 4353 τά
429 4282 562 4364 πατρῷα
591 4288 819 4363 ααταφαρεῖν;
849 4295 881 4349 et
910 4285 1026 4353 similia
1055 4286 1172 4377 passim
1192 4277 1278 4375 apud
1298 4306 1408 4351 omues
1427 4304 1488 4350 usu

306 4404 376 4460 tam
398 4387 558 4457 constanti
577 4409 674 4477 quarn
693 4384 876 4477 frequenti.¹
908 4390 989 4458 Mos
1009 4397 1193 4470 morosum,
1217 4412 1236 4455 a
1259 4410 1324 4478 quo
1348 4388 1488 4454 dioran·

310 4497 368 4565 der
386 4494 554 4565 descivisse
574 4493 732 4585 arguitur,
755 4505 844 4559 certo
864 4516 923 4561 usu
943 4498 988 4563 τά
1012 4497 1135 4579 τάτρια
1154 4493 1338 4586 appellatur
1355 4492 1488 4557 abom-

309 4600 424 4683 nibus,
457 4614 489 4669 et
518 4600 670 4669 Lucum
699 4597 900 4667 reddendum
925 4608 987 4667 τῶν
1015 4601 1177 4682 πατρίων,
1203 4597 1260 4690 qui
1285 4595 1434 4676 πατρικάς
1455 4606 1490 4662 et

309 4710 451 4793 eerraira
479 4719 587 4801 potest
608 4714 862 4798 nonnumquam
890 4703 1202 4786 ὑποτνγιιεχωνάναι,
1225 4700 1269 4769 τά
1297 4700 1430 4782 τατρῷα
1456 4710 1490 4767 et
